2676 4950
319 854 1102 940 ΡΒΑΒΓΑΤΙΟ

469 1107 703 1168 [blltoxts
727 1105 959 1166 xxrrxtt's‘.

130 1344 252 1473 Quod
279 1387 352 1460 post
379 1379 457 1442 l’bil.
478 1380 624 1458 lingueri
651 1379 859 1459 aliorumque,
893 1381 947 1459 qai
977 1396 1047 1441 rum
1075 1397 1114 1441 eo
1142 1380 1292 1463 lecerunt,

131 1497 379 1561 obtrectationes
398 1494 451 1555 rin
464 1510 598 1574 uuquam
615 1503 794 1556 euenturum
811 1511 886 1556 esse
899 1494 1077 1574 sperabam,
1093 1493 1125 1557 id
1137 1497 1197 1558 iarn
1218 1505 1291 1576 post

130 1614 267 1693 quinque
294 1627 396 1673 anuos
414 1608 488 1670 nuti
513 1611 687 1690 contigisse
713 1610 825 1674 laetor.
865 1611 1101 1687 virgilianum
1124 1613 1289 1674 carminum

129 1744 150 1790 a
169 1744 219 1791 me
239 1727 392 1790 euiuurun
413 1724 642 1804 exemplaribus
657 1726 800 1789 omuibus
814 1725 979 1789 direnditis
994 1744 1077 1791 nora
1096 1726 1289 1790 desideratur

129 1843 235 1907 editio.
278 1843 405 1907 Scilicet
432 1842 577 1903 iureulus
603 1840 762 1903 bremun
789 1840 934 1904 studiosa
960 1843 1080 1924 riuique
1106 1842 1207 1924 docti,
1235 1844 1288 1923 qni

128 1977 234 2021 rernm
255 1959 371 2021 babent
391 1966 420 2019 et
442 1957 581 2019 sobrium
595 1956 750 2035 iudicium
771 1973 836 2019 nou
856 1966 1004 2021 curules
1018 1975 1181 2020 censorum
1203 1976 1287 2036 quo-

127 2072 255 2136 rundam
276 2072 443 2150 rigidornm
469 2080 498 2133 el
525 2073 700 2151 iniquorum
720 2071 956 2155 malignilaten²
983 2071 1040 2136 sed
1060 2075 1126 2136 suis
1146 2073 1285 2162 ipsorum

126 2188 227 2250 oculis
256 2186 386 2250 fidentes
414 2204 535 2265 suoque
555 2187 670 2249 indicio
693 2196 822 2269 stantes,
840 2188 923 2251 libro
942 2205 1030 2267 neo,
1055 2189 1088 2250 iu
1108 2205 1169 2268 quo
1191 2187 1286 2251 multa

124 2305 191 2366 iure
220 2301 390 2365 desiderari
415 2319 513 2383 posse
539 2304 609 2381 ipse
636 2304 769 2382 ingenue
798 2305 966 2384 professus
985 2319 1070 2383 suu,
1097 2321 1172 2366 suas
1194 2305 1285 2366 etiam

124 2422 255 2481 uirtutes
270 2436 342 2481 esse
359 2417 587 2499 inlellerernnt,
608 2426 639 2479 el
661 2420 715 2498 ita,
736 2418 870 2481 libenter
892 2437 962 2482 eum
976 2419 1037 2482 sibi
1057 2430 1284 2501 comparantes

124 2533 258 2596 invidum
280 2543 309 2596 et
331 2534 496 2619 malignum
516 2535 646 2595 istorum
670 2534 832 2596 consilium
850 2537 1047 2599 frustrarunt.
1088 2537 1174 2599 llaec
1185 2545 1284 2597 autem

123 2648 312 2728 indulgentia
334 2656 364 2712 et
385 2649 613 2729 benevolentia,
634 2665 695 2728 qua
709 2649 828 2731 Virgilii
850 2667 948 2730 opera
969 2668 1049 2714 anne
1064 2652 1145 2715 edita
1160 2658 1285 2732 praeter

124 2770 246 2828 ornnem
274 2767 540 2844 exspectationem
562 2772 695 2843 excepta
715 2773 803 2845 sunt,
826 2767 986 2830 stimulare
1007 2784 1056 2830 me
1077 2767 1226 2846 debebat,
1250 2774 1284 2827 ut

121 2882 152 2944 in
175 2880 235 2943 bac
263 2881 363 2943 altera
392 2880 527 2944 editione
548 2897 627 2962 quoe
649 2883 820 2942 mutatione
849 2889 879 2943 el
908 2881 1122 2945 emendalione
1144 2887 1282 2961 egerent,

55 3035 66 3055 e
121 2996 284 3078 diligenter
305 2999 512 3060 examinarem
533 3004 581 3078 et,
603 2999 631 3059 si
653 3014 734 3077 opus
756 2997 921 3079 rideretur,
943 2975 1018 3062 rere
1038 2999 1228 3078 immutarem
1251 3003 1282 3057 et

120 3116 322 3193 corrigerem3
344 3130 535 3192 pessumque
557 3114 672 3191 optima
685 3111 743 3174 lide
758 3113 948 3192 confirmare,
967 3114 1049 3192 quod
1063 3131 1121 3195 per
1134 3113 1282 3190 temporis

120 3229 281 3307 angustias
303 3227 367 3288 lieri
389 3229 534 3308 potuerit,
553 3226 584 3289 id
606 3226 748 3289 studiose
768 3242 788 3287 a
811 3244 861 3289 nne
884 3243 957 3288 esse
976 3228 1167 3306 praestitum.
1201 3222 1279 3285 Nam

119 3359 195 3406 sane
218 3340 382 3405 dolendum
406 3352 470 3423 est,
495 3343 747 3404 honestissimum
773 3339 844 3404 libri
863 3340 1089 3420 redemptorem
1111 3354 1173 3401 non
1193 3340 1280 3418 prius

118 3458 190 3520 milri
218 3458 429 3538 significasse,
460 3474 571 3533 nouam
601 3456 765 3520 editionem
795 3455 962 3538 parandam
989 3471 1078 3534 esse,
1109 3470 1199 3533 quarn
1227 3455 1280 3518 ubi

119 3573 260 3636 omnibus
291 3575 355 3636 lere
392 3572 619 3652 exemplaribus
647 3573 762 3652 prioris
789 3571 851 3634 iam
885 3569 1063 3651 diuenditis,
1097 3569 1277 3650 pericnlum,

117 3663 200 3767 quod
221 3688 341 3768 dicunt,
361 3689 391 3749 in
414 3704 501 3750 mora
523 3694 553 3749 ct
568 3687 721 3766 repetitae
738 3685 883 3750 editionis
897 3686 1024 3749 emissio
1042 3702 1133 3764 quam
1147 3687 1278 3749 maxime

117 3801 319 3865 acceleranda
342 3810 436 3883 esset,
460 3811 493 3865 ut
516 3819 666 3865 novorum
688 3800 897 3881 exemplorum
919 3800 1120 3881 desiderium,
1152 3802 1184 3863 in
1205 3803 1278 3864 Bri-

118 3918 222 3980 tannia
255 3918 387 3980 maxime
424 3920 641 3999 conspicuum,
684 3932 773 3996 quarn
807 3916 967 3980 celerrime
1004 3917 1122 3996 expleri
1156 3926 1276 3998 posset.

114 4031 221 4112 lturpue
244 4049 281 4095 eo
304 4040 435 4112 urgente
463 4040 494 4094 et
520 4035 692 4111 flagitante,
725 4038 768 4110 ut,
795 4039 938 4111 quantum
962 4033 1026 4097 ficri
1048 4041 1175 4116 posset,
1197 4053 1277 4115 opus

115 4152 307 4228 maturarem,
331 4146 413 4226 milui,
433 4147 486 4208 illo
509 4148 579 4227 ipso
604 4155 742 4226 tempore
764 4147 986 4228 geographicis
1000 4150 1110 4214 studiis
1133 4151 1274 4214 districto

115 4268 145 4324 ct
168 4270 198 4325 ut
222 4261 307 4343 prius
331 4262 485 4343 promissa
506 4262 699 4326 exsolverem
721 4259 850 4343 coacto,
873 4280 935 4327 non
956 4267 1041 4331 licuit
1064 4274 1275 4333 totumcom-
