2676 4950
497 296 702 359 dnonaicon
728 298 795 360 LIB.
818 298 865 361 ru.
1183 298 1255 366 neb

85 466 143 527 Aut
164 467 190 525 si
212 480 296 541 qaam
318 464 394 523 iorro
417 464 590 523 mactaverat
610 467 677 523 unte
698 463 846 540 saoerdos,

83 549 155 608 Inde
178 565 273 624 neque
295 550 437 623 impositis
459 546 560 605 ardent
581 546 681 606 altaria
701 547 790 621 ibris,
1189 543 1254 611 490

82 632 145 689 Neo
166 646 307 707 responsa
327 633 420 705 potest
444 629 589 688 consultus
609 628 733 689 reddere
754 633 850 705 vatem

84 718 128 772 Ae
149 716 201 771 vix
222 715 364 789 suppositi
386 715 549 786 tinguuntur
570 715 707 784 sanguine
729 712 822 787 outtri,

84 796 261 871 Summaque
283 798 378 853 ieiuna
399 798 479 851 sanie
501 794 660 852 infuscatur
679 811 777 853 arena.

85 878 161 937 ilino
184 879 267 937 taetis
287 877 369 937 vituli
391 877 473 951 rotgo
496 880 652 934 moriuntur
674 881 701 936 in
724 877 831 951 berbis,

84 961 122 1019 Et
146 959 237 1019 duieis
258 963 364 1018 animas
385 958 470 1035 piena
491 958 526 1017 ad
548 962 700 1033 praesepia
715 959 854 1031 reddunt;

84 1042 160 1103 liino
183 1042 301 1101 curribus
323 1040 434 1099 blandis
455 1040 552 1098 rabies
573 1044 666 1113 44444,
695 1044 724 1100 44
746 1045 837 1116 quatit
857 1056 960 1116 aegros

83 1126 186 1183 Tussis
206 1124 306 1183 444414
329 1140 404 1196 sues,
426 1139 460 1181 ao
483 1122 613 1181 tauoibus
635 1127 711 1197 angit
733 1125 839 1183 obesis.

84 1207 214 1280 Labitur,
237 1207 339 1264 inteiix
360 1204 517 1263 studiorum
540 1209 625 1279 atque
647 1209 793 1264 immemor
815 1206 931 1280 herbae,

87 1290 191 1350 Viotor
213 1304 318 1365 equus,
341 1288 493 1364 fontesque
515 1290 670 1361 avertitur,
694 1291 723 1346 et
743 1288 818 1364 pede
841 1294 945 1347 terram

90 1414 304 1427 *—

84 1496 153 1551 Aen.
174 1494 295 1561 V1‚t³2.
331 1491 370 1545 et.
390 1494 470 1548 etiam
488 1492 553 1545 intra
572 1493 604 1546 ad
625 1507 650 1546 v.
668 1494 727 1549 504.
762 1522 796 1531 -
829 1494 888 1551 489.
908 1497 996 1563 4444,
1021 1492 1048 1547 4.
1068 1506 1093 1549 e.
1113 1498 1251 1562 antequam

85 1564 205 1617 moriens
223 1561 339 1615 eederet.
367 1588 401 1597 -
427 1560 509 1612 inde
532 1560 608 1614 Serv.
627 1562 741 1627 erptioat
760 1574 797 1612 ee
811 1574 868 1680 XM
886 1576 979 1614 44444.
1013 1560 1067 1617 844
1085 1576 1164 1628 quoni
1182 1564 1253 1616 4444

85 1637 114 1686 44
132 1629 195 1682 4444
212 1642 295 1695 saepo
313 1642 359 1695 pro
384 1641 483 1694 nouo,
504 1628 537 1679 ob
557 1628 601 1679 itio
620 1633 747 1694 ponantur
770 1629 808 1692 (vi
861 1628 934 1683 Serv.
959 1630 1018 1693 ipse
1041 1628 1075 1681 od
1093 1630 1158 1682 deo.
1177 1629 1207 1696 1,
1225 1630 1251 1685 0.

83 1704 112 1753 44
128 1694 263 1761 vinos),
280 1707 375 1748 sensus
393 1695 480 1761 potius
499 1694 542 1746 bie
562 1701 618 1748 ast:
641 1707 673 1747 ex
692 1694 741 1746 bae
759 1693 860 1760 bestia,
880 1694 951 1757 tibris
968 1694 1000 1759 (i.
1019 1708 1043 1750 e.
1063 1696 1144 1759 extis)
1162 1698 1251 1764 tmpo-

86 1766 166 1829 sitis,
189 1776 240 1815 non
266 1761 358 1815 ardent
386 1762 483 1814 ettaria.
521 1760 561 1814 ur.
586 1764 664 1815 etiarn
690 1761 787 1815 444444.
811 1762 843 1814 44
863 1761 929 1816 Geo.
951 1761 970 1828 Ι,
989 1764 1014 1818 5.
1039 1768 1066 1816 44
1086 1762 1153 1815 Aen.
1170 1761 1191 1827 1,
1208 1764 1251 1817 21.

85 1830 234 1885 Attorio
258 1833 344 1881 autern
368 1842 415 1894 pro
436 1828 521 1881 nostia
547 1831 579 1883 iis
605 1830 736 1895 imposita.
770 1856 803 1865 -
840 1830 917 1894 ,,491.
944 1828 1065 1894 tntetiige
1083 1832 1147 1882 esto
1170 1832 1251 1895 44444,

85 1912 168 2017 auum
187 1895 274 1962 atiquo
283 1908 343 1959 pars
361 1900 405 1947 aut
417 1895 524 1949 deesset
542 1900 586 1947 aut
604 1900 854 1972 corruptaesset.-
870 1895 928 1951 492.
946 1896 1005 1951 498.
1017 1898 1060 1947 vix
1071 1896 1252 2013 sanfuisinde

105 1966 195 2017 44.-
213 1962 393 2028 suppositi
409 1962 521 2027 cultri,
540 1976 555 2015 e
574 1976 648 2015 suero
667 1968 717 2014 ritu
735 1962 827 2016 subter
845 1960 869 2013 io
891 1963 961 2015 utum
979 1962 1074 2015 adacti.
1095 1961 1252 2029 C.Aen.V1,

83 2031 145 2087 248.
167 2034 194 2083 44
212 2028 305 2082 Serv.“
326 2027 358 2081 H.
381 2058 408 2106 7
427 2030 486 2083 493.
504 2029 761 2094 temperante,
785 2031 857 2083 tenui
872 1976 997 2095 444444,
1017 2042 1103 2101 eoque
1121 2036 1251 2097 corrupto.

87 2096 129 2151 Gt.
147 2110 227 2163 supra
245 2094 285 2161 u,
302 2095 362 2149 242.
388 2096 478 2147 ieiuno
501 2097 594 2163 pterea
612 2095 702 2162 ibique
721 2096 817 2148 adnott.
837 2110 894 2147 444
913 2094 987 2148 4444.
1007 2095 1039 2161 n,
1057 2096 1117 2151 844.
1137 2110 1252 2163 corporo

85 2176 170 2217 44444
190 2162 287 2215 ieiuno
306 2190 338 2201 ·-
355 2162 414 2216 494.
434 2161 560 2219 ..tostis
578 2162 609 2214 44
630 2164 733 2228 coortam
753 2162 838 2224 reier3
864 2176 922 2215 nam
940 2162 1038 2216 intaeta
1056 2168 1128 2216 erant
1146 2163 1250 2229 pabuto‚

83 2228 272 2295 vid.r.i81.‚
291 2234 317 2282 44
336 2229 495 2294 respondent
512 2244 536 2281 v.
556 2244 595 2296 sq.
618 2230 697 2294 pterea
713 2243 813 2295 praese
829 2230 873 2291 io;
900 2228 933 2282 oi.
953 2236 1006 2281 not.
1027 2229 1060 2282 ad
1088 2243 1112 2280 v.
1131 2229 1189 2285 320.
1218 2260 1252 2269 -

83 2294 295 2353 4944444444
317 2297 469 2360 antinus,
499 2296 656 2367 μελίφρονα
672 2294 772 2359 θυμόν.
808 2245 864 2349 444.
884 2298 950 2350 Aen.
966 2296 1009 2361 444,
1025 2298 1082 2351 440.
1117 2296 1252 2363 Expressit

83 2362 156 2419 lires
172 2362 236 2415 Stat
254 2361 335 2415 Tbeb.
347 2361 388 2419 IV,
406 2363 456 2416 725
477 2376 535 2429 sqq,
556 2363 587 2415 ii.
622 2362 756 2415 Reddendi
772 2378 829 2416 voc.
850 2362 952 2418 4444444.
972 2364 1004 2416 ud
1020 2364 1094 2415 4444.
1105 2362 1148 2429 vi,
1168 2364 1251 2431 4494,

84 2430 133 2485 ubi
157 2430 239 2483 vitum
262 2430 376 2483 reddere
400 2429 526 2494 tegimus,
550 2431 613 2482 sotis
632 2436 704 2484 recte
730 2432 765 2482 ita
783 2432 912 2497 explicat:
947 2430 1092 2496 ,44444444
1118 2431 1252 2497 redonam,

86 2498 226 2553 remittunt
243 2498 269 2549 in
288 2496 358 2548 ittunr
377 2494 499 2560 retbere,
518 2497 603 2562 unde,
626 2498 734 2564 primunr
753 2500 870 2564 spiritum
889 2498 1053 2561 4444444444,
1076 2500 1156 2550 vitam
1179 2512 1253 2551 suam

87 2562 303 2682 44444Ιί44444(ι
327 2562 512 2682 emissem&
526 2561 592 2681 244.
607 2564 668 2682 Ι2140.
688 2567 714 2616 et
728 2579 856 2643 sentinam
873 2566 940 2617 diem
956 2563 1072 2643 Securus
1090 2566 1144 2643 otto
1160 2566 1255 2618 reddat

87 2634 387 2776 4444444,
406 2635 560 2749 tumn
576 2631 1253 2775 medimnumnientboo

88 2765 210 2831 rpinbrm
228 2768 254 2818 rt
271 2763 335 2815 ibid.
356 2763 412 2818 423.
432 2764 544 2815 reddere
562 2777 678 2816 aaronem
698 2764 779 2815 coeto.
800 2764 875 2817 Ouid.
894 2765 971 2817 Trrst.
986 2764 1032 2830 444,
1047 2765 1072 2830 3,
1080 2766 1122 2819 35.
1141 2766 1253 2818 rettulere

87 2832 189 2893 breem
208 2831 379 2897 simititerque
398 2830 473 2895 Prop.
487 2829 531 2895 ru,
544 2832 567 2895 5,
578 2832 620 2885 37.
640 2830 753 2883 reddere
770 2844 866 2896 eorpus
881 2831 959 2882 bomo
975 2837 1024 2883 ete.
1043 2860 1076 2870 -
1094 2832 1153 2884 494.
1167 2830 1253 2883 Etiam

86 2904 167 2967 peste
187 2898 232 2950 itta
249 2898 334 2975 4444444
353 2909 432 2950 canos
447 2898 547 3014 primos
574 2903 708 2965 correptos
727 2910 806 2975 esse,
833 2903 924 2973 444444
942 2904 984 2950 est
1000 2896 1114 2963 Tbrreyd.
1131 2896 1171 2957 n,
1198 2899 1251 2962 50,

88 2970 309 3109 ittirtttttt'}
323 2961 1253 3108 ittetottionis³titetuttitrititrttttntz

87 3112 196 3152 nomme
208 3096 242 3149 ob
263 3096 299 3162 ud,
318 3110 360 3148 eor
379 3105 525 3163 opponitur,
544 3097 639 3161 rabies,
660 3112 717 3150 sonr
737 3098 816 3152 sedes
829 3110 890 3151 esse
901 3096 983 3150 antettr
1004 3102 1062 3159 444,
1081 3102 1167 3150 tamen
1185 3097 1252 3150 sub-

88 3167 204 3220 stantivo
223 3166 320 3217 nomini
339 3177 387 3216 suo
406 3163 456 3215 boe
476 3165 560 3228 ipsum
575 3165 740 3219 Adiectivum
758 3178 809 3216 non
829 3110 1049 3231 anteponendum,
1068 3162 1115 3218 sed
1135 3178 1168 3218 eu
1186 3163 1251 3219 rbe-

88 3231 351 3353 suentem
368 3230 1252 3365 ttsternutationibusstitetsmotnrute

88 3364 160 3420 tar.“
196 3364 234 3417 ita
252 3335 369 3417 Nobbir'rs
387 3378 476 3429 meus,
502 3366 546 3430 qni
566 3363 634 3418 4444
660 3365 745 3417 toemn
764 3378 821 3417 av.
840 3365 897 3419 440.
925 3378 1008 3431 usque
1032 3364 1063 3417 ad
1090 3363 1169 3419 tinem
1192 3364 1252 3419 iibri

88 3432 176 3488 edidit
192 3432 220 3484 in
237 3430 368 3498 Syntaam.
387 3431 454 3483 iooe.
475 3431 565 3498 paruit.
589 3447 614 3499 p.
635 3434 681 3486 404
701 3446 758 3499 sqq.
795 3430 905 3484 4444444
922 3444 986 3485 vero
1005 3432 1083 3485 etiam
1102 3432 1154 3485 aiio
1172 3444 1254 3486 caasa

87 3500 192 3565 vutgari
210 3498 294 3551 ordini
313 3496 411 3563 terens,
430 3497 464 3551 44
482 3512 533 3565 qua
552 3498 663 3552 diximus
686 3498 718 3551 ad
738 3499 804 3552 Geo.
823 3498 851 3565 Ι,
869 3498 928 3553 380.
948 3526 982 3538 -
1016 3498 1075 3553 497.
1095 3497 1134 3553 94
1154 3500 1253 3567 rupim

86 3566 222 3645 loquitor,
248 3565 292 3618 Gr.
310 3562 345 3615 dat
365 3582 401 3632 pp
420 3570 464 3617 aut
479 3562 611 3632 βράγχω,
635 3566 678 3632 qui
701 3566 779 3618 etiam
809 3579 884 3619 suum
903 3566 1007 3618 morbos
1023 3566 1175 3631 peculiaris.
1211 3564 1251 3619 04.

89 3634 198 3687 444444.
217 3630 302 3684 Anim.
321 3583 389 3697 444,
406 3632 448 3687 24.
469 3637 495 3685 44
513 3631 572 3710 vide
590 3634 669 3687 eriam
689 3632 803 3699 Thucyd.
824 3632 856 3698 n,
874 3629 916 3686 49.
937 3637 964 3687 44
980 3630 1055 3687 buor.
1073 3631 1115 3698 vi,
1136 3632 1252 3688 1487.-

88 3696 218 3768 foecer
237 3699 381 3765 obesos,
406 3698 506 3752 obesae
526 3712 589 3751 suus.
625 3699 732 3753 Seruios
750 3699 865 3767 4444444
881 3700 1016 3751 tormentae.
1035 3724 1069 3739 -
1088 3698 1147 3753 498.
1166 3698 1252 3753 Etiam

90 3765 380 3888 §iniustitiis
399 3764 740 3885 :trasimenus
758 3765 1253 3898 ¹⁵⁰testim‘’bot‘’‘itt'ttt

90 3901 151 3956 542
187 3898 281 3952 Tibutt.
299 3898 319 3956 l,
339 3901 362 3965 4,
381 3846 432 3954 31?
444 3904 470 3953 et
487 3874 557 3951 stibi.
576 3927 608 3937 -
627 3872 761 3965 inseite
778 3872 1046 3969 studiorurn,'eui
1065 3875 1130 3954 44444
1145 3848 1254 3968 prosunt

91 3966 180 4021 studia
198 3980 247 4019 sua
264 3979 286 4019 s.
304 3968 431 4020 victoriae
449 3980 476 4018 re
496 3972 596 4019 ortatae
637 3965 731 4034 quibus
749 3965 811 4018 otim
830 3966 977 4019 4414444444
995 3974 1053 4029 4444
1079 3972 1108 4021 44
1124 3970 1254 4023 sententia

91 4034 188 4087 simitis
205 4035 240 4087 sit
258 4036 299 4098 iis,
318 4047 387 4099 quae
411 4034 471 4088 45
507 4074 513 4085 .
544 4033 577 4085 44
602 4005 670 4087 bove
695 4032 822 4099 tegimus:
859 4030 926 4093 0444
948 4032 1024 4087 tabor
1047 4037 1094 4087 aut
1116 4031 1253 4102 benefacto

91 4100 205 4153 4444442
240 4098 405 4153 constructio
427 4099 521 4153 eadem
540 4106 588 4162 est,
608 4113 676 4166 quae
694 4099 762 4154 Geo.
781 4098 807 4157 1,
826 4100 886 4154 244.
911 4098 969 4165 (ubi
987 4101 1039 4154 vid.
1057 4101 1169 4167 444444.)
1183 4096 1253 4167 [etis

93 4182 203 4235 operum
222 4172 249 4221 et
267 4168 332 4220 Aen.
351 4165 392 4231 iv,
410 4166 467 4221 529.
485 4162 580 4233 inseite
598 4166 686 4218 44444.
733 4165 816 4233 44444.
836 4167 934 4234 otiique
953 4170 1037 4221 minus
1054 4166 1122 4222 bene
1139 4170 1252 4221 coniun-

93 4243 172 4303 gunt:
191 4234 336 4287 ebrdrbnrm
352 4236 429 4301 atoue
444 4233 542 4286 bordae
560 4234 709 4295 immensam
732 4246 888 4300 quamquam
905 4232 994 4289 durior
1009 4232 1147 4289 verborum
1163 4235 1252 4287 44444-

94 4304 164 4357 44444
183 4300 249 4354 stud.
269 4288 345 4419 ‘dr‘
363 4300 432 4354 4444.
450 4300 548 4353 bertae
575 4298 685 4354 tortasse
714 4298 820 4354 detondi
843 4304 936 4368 posset
952 4300 1012 4355 atiis
1028 4300 1095 4353 iocis
1111 4300 1250 4357 simitibos.

93 4398 128 4409 -
143 4365 204 4425 499.
234 4366 271 4421 Vt
277 4382 292 4420 4
311 4380 351 4419 or
376 4366 407 4420 44
433 4366 612 4434 indignitatem
631 4368 670 4423 rei
688 4365 806 4435 additur,
834 4380 914 4435 quum
930 4366 995 4421 nibil
1013 4368 1039 4422 ei
1057 4368 1139 4435 prosit
1154 4368 1252 4425 444444
