2676 4950
139 279 187 347 ΙΙῙΙ
527 284 555 344 Ρ.
578 280 720 345 vlltdttlt
740 282 901 345 mortis

141 450 277 512 Stridentl
300 455 433 513 miserum
455 450 559 528 stipula
581 448 750 527 disperdere
772 451 908 511 carmen?

588 580 802 625 nemorosa.
865 614 875 621 .

140 684 189 744 Vis
211 698 294 758 ergo,
325 685 490 756 internos,
518 680 586 758 quid
608 683 700 758 possit
721 684 855 757 uterque,
883 683 1011 740 vicissim

140 766 351 843 Experiamur?
379 764 439 839 ligo
462 764 533 823 hanc
554 766 671 825 vitulam
694 760 748 834 (nc
770 763 844 823 torte
865 778 1000 838 recuses,

139 850 188 909 Bis
209 852 289 909 venit
310 846 346 907 ad
368 849 528 922 mulctram,
557 848 641 908 binos
663 848 713 907 elit
734 847 823 906 ubere
845 843 937 916 letus)

138 934 274 1009 depono:
305 935 335 991 tu
358 929 420 1006 dic,
449 946 559 991 mecum
583 947 638 1007 quo
660 933 780 1007 pignore
801 932 904 990 certes.

142 1073 350 1088 ψ

69 1156 75 1173 ’
139 1156 244 1212 Nemes.
264 1155 320 1209 Eoi.
340 1155 382 1224 lv,
400 1155 442 1224 3.,
469 1158 512 1225 qui
532 1158 615 1212 canit:
643 1156 679 1224 (t
696 1157 771 1211 eides
789 1158 816 1211 et
829 1154 951 1224 Mopsus)
972 1154 1112 1219 Pustnres,
1140 1156 1249 1209 canonis
1262 1170 1289 1211 ue

137 1238 218 1279 uersu
251 1225 342 1277 dorma
364 1227 485 1313 uterque,
518 1224 572 1279 ll'ec
594 1174 698 1280 triuioZe
723 1239 837 1292 sonans,
872 1224 998 1292 proprios
1026 1222 1154 1301 comedet
1185 1236 1288 1277 emersu

137 1288 213 1345 Adde
232 1290 351 1359 Calpurn.
371 1292 397 1358 Ι,
424 1295 463 1347 td.
499 1291 557 1346 lion
572 1297 673 1361 postor,
694 1309 749 1346 oon
765 1294 814 1345 lace
838 1291 979 1346 triviali
994 1304 1069 1343 more
1086 1294 1222 1357 nautor,
1246 1288 1290 1345 Sed

138 1358 204 1413 dats
221 1358 277 1426 ipse
294 1360 370 1411 cinrit.
408 1359 480 1412 idem
500 1359 619 1427 Saruen,
647 1361 809 1413 indoctos
834 1374 849 1414 a
873 1357 1006 1412 veteribus
1030 1360 1064 1410 irn
1085 1358 1160 1411 rimis
1183 1360 1288 1413 mimicae

138 1432 217 1494 utqrre
245 1428 312 1481 adeo
337 1441 501 1481 numerorum
529 1430 633 1494 ignaros
658 1435 764 1481 rocetos
791 1442 866 1494 esse,
893 1426 959 1478 loris
979 1424 1033 1478 Cic.
1073 1438 1128 1478 uso.
1148 1424 1214 1493 1,2,
1231 1426 1290 1481 let

138 1494 240 1557 Qirinct.
261 1494 287 1561 l,
316 1496 353 1559 10,
381 1494 418 1549 te.
445 1494 545 1561 probat.
582 1495 619 1547 et.
646 1498 724 1550 etiam
750 1494 823 1549 Osid.
849 1496 921 1548 Trist.
941 1492 982 1559 lV,
1010 1495 1031 1559 l,
1050 1495 1074 1547 5.
1109 1490 1169 1545 Hoc
1187 1494 1231 1559 cst,
1248 1504 1289 1545 cur

138 1564 225 1615 comt
240 1590 258 1601 -
276 1590 293 1601 -
308 1558 444 1629 tossen,
468 1560 626 1616 lrrdoeiti
648 1576 790 1616 enumero
816 1576 893 1631 quent
915 1574 998 1627 prone
1014 1560 1097 1612 nrotttt
1112 1574 1188 1625 opus.
1205 1590 1238 1600 -
1252 1558 1286 1615 2Ι.

137 1626 337 1695 „stridenti
357 1643 417 1693 non,
437 1642 505 1696 quae
525 1644 592 1681 nunno
610 1631 717 1694 stridet,
737 1630 784 1684 sed
804 1644 872 1697 quae
898 1628 1021 1691 οιιιιιιίιο,Ι
1047 1626 1218 1695 Participium
1233 1624 1286 1679 lul

137 1698 188 1748 nini
209 1696 293 1749 induit
311 1696 456 1749 Adiectivi:
476 1697 595 1749 stridenti
611 1711 658 1765 pro
681 1697 797 1750 stridulo.
837 1696 901 1749 Nem
921 1694 1059 1762 Participia
1078 1693 1229 1747 tibiatirum
1245 1706 1289 1747 nor

137 1764 315 1830 iniurittunt,
335 1763 383 1817 sed
404 1765 429 1814 in
449 1777 469 1815 e.
504 1762 562 1816 Vid.
582 1764 664 1818 Bentl.
684 1765 716 1816 od
736 1764 797 1817 llor.
817 1762 894 1817 Odi
922 1763 947 1829 2,
965 1763 1005 1818 31.
1024 1762 1066 1827 25,
1088 1760 1147 1816 ΙΙ.“
1166 1758 1210 1828 Sp.
1239 1758 1287 1815 Ge·

138 1837 220 1884 terum
238 1831 306 1903 tidie
318 1831 430 1882 strideas
448 1831 516 1909 aprrd
538 1830 629 1884 Catuli.
643 1830 726 1897 LXIV,
744 1833 802 1886 264.
823 1837 849 1885 et
866 1802 928 1882 tudo
946 1829 1058 1882 strideas
1077 1828 1148 1906 apud
1166 1826 1287 1895 Luceml,

137 1898 194 1953 431.
215 1900 351 1952 invenitur.
372 1926 405 1937 -
423 1899 555 1964 stipate
580 1914 639 1952 cunr
658 1906 787 1952 onrrtenrto
811 1904 919 1951 vocetur
945 1896 1056 1965 simplex
1072 1894 1169 1963 testula,
1187 1908 1287 1965 compr·

136 1973 192 2018 rata
210 1981 267 2018 curn
286 1968 403 2032 sininge,
431 1980 499 2033 quiae
518 1966 686 2034 expluribus
712 1966 818 2019 calamis
839 1971 880 2018 est
900 1965 1051 2031 composita.
1089 1962 1128 2015 (ΙΙ.
1147 1962 1243 2019 adnntt
1259 1960 1288 2017 ιιΙ

138 2032 191 2083 lirl.
206 2032 226 2098 Ι,
244 2033 268 2086 2.
288 2061 319 2070 -
337 2033 567 2098 „disperdere
585 2040 626 2087 est
642 2033 709 2087 mole
728 2032 848 2100 perdere,
868 2037 895 2083 ut
914 2030 1054 2100 disperiam
1072 2031 1089 2081 i.
1109 2045 1134 2098 q.
1154 2030 1224 2086 muln
1241 2042 1288 2099 pc-

137 2098 234 2151 rcam.“
260 2097 301 2163 Sp.
341 2097 492 2166 Ubicunque
518 2099 569 2152 lion
593 2100 701 2154 verbnm
720 2103 803 2152 urlinus
824 2097 1013 2164 ireqrrentntum
1033 2097 1140 2163 legitur.
1156 2096 1199 2163 (ut
1214 2096 1287 2151 Plani.

136 2164 203 2218 Trin.
223 2163 255 2231 ll,
275 2166 299 2229 2,
318 2166 357 2220 5³.
395 2164 453 2217 Cas.
475 2164 507 2231 ll,
526 2167 550 2232 3,
570 2167 610 2222 22.
647 2167 719 2220 lucr.
739 2167 778 2231 ll,
797 2167 853 2222 380.
891 2164 944 2226 Cic.
963 2166 1023 2232 Agr.
1041 2164 1061 2231 l,
1083 2167 1104 2230 Ι,
1123 2164 1171 2231 2.),
1191 2162 1288 2231 signiti-

137 2238 180 2285 cat
196 2231 356 2285 absumendo
376 2238 403 2284 et
428 2232 577 2301 dissipando
603 2235 717 2302 aliquam
734 2249 789 2288 rem
809 2236 844 2285 ita
861 2232 986 2301 perdere,
1005 2239 1033 2285 ut
1050 2229 1113 2283 niltl
1133 2232 1193 2285 eius
1211 2230 1287 2287 reliu-

49 2359 55 2366 ,
136 2306 237 2367 oriatur,
257 2299 305 2352 sed
327 2304 380 2352 tota
398 2307 553 2366 evanescat;
572 2316 653 2368 quare
671 2298 715 2354 liic
732 2314 837 2369 qnoque
858 2300 976 2367 explico:
1003 2306 1053 2353 tam
1072 2300 1169 2353 misere
1190 2299 1287 2354 dilecc-

135 2380 208 2432 rare,
234 2372 285 2418 tam
310 2371 429 2433 corrupte
457 2366 550 2421 etlerre
576 2374 602 2423 et
627 2370 753 2422 modulari
780 2381 898 2433 carmen,
928 2372 955 2420 ut
978 2380 1083 2420 carrrren
1107 2379 1178 2433 esse,
1193 2366 1307 2421 desinet·

137 2432 264 2498 (nostrum
283 2433 476 2497 r·uddrecten);
504 2449 590 2501 neque
616 2451 721 2504 prorsus
740 2434 909 2489 reiiciendam
928 2435 1037 2489 dixerim
1055 2433 1165 2552 ὃὶοΙιιιΙΙ
1184 2438 1287 2489 senten-

137 2502 197 2553 tium
226 2499 356 2566 Wagnero
374 2500 558 2567 improbatam,
578 2516 677 2570 exque
702 2504 884 2567 ,unisonum
912 2515 1055 2554 carmen
1096 2502 1123 2553 ic
1148 2501 1222 2556 idem
1243 2506 1287 2567 ost,

137 2540 207 2633 (pund
226 2563 320 2633 inseiis
338 2581 458 2634 currerem,
477 2569 519 2620 ein
540 2582 636 2635 ornnes,
656 2569 878 2637 unplniclseelipes
896 2568 966 2635 died,
986 2567 1055 2636 quod
1074 2569 1146 2621 oanis
1164 2582 1218 2621 non
1234 2572 1287 2621 alc

136 2634 246 2700 lactum,
274 2634 322 2688 sed
348 2649 441 2702 perse
460 2635 570 2703 bonrum,
599 2637 669 2703 qnod
687 2645 713 2690 lu
732 2651 765 2691 ex
782 2637 833 2689 alio
854 2636 970 2689 auditum
987 2637 1080 2688 imitari
1097 2637 1139 2688 ris
1157 2641 1185 2690 et
1202 2635 1287 2703 expri-

120 2706 216 2768 'rnere,
238 2703 279 2754 cui
296 2716 359 2755 vero
378 2707 404 2755 lu
422 2703 489 2756 nrale
508 2703 594 2759 illudis
613 2704 681 2759 nrale
701 2702 885 2758 recantando.“
903 2732 936 2741 —
951 2703 991 2760 28.
1011 2703 1166 2763 Damoetas,
1188 2701 1286 2757 Menal-

137 2782 184 2821 cae
211 2770 335 2822 corrviciis
362 2769 500 2823 lacessitus
543 2776 570 2823 ut
594 2770 678 2826 lamae
702 2786 766 2825 sinae
792 2777 818 2825 et
838 2770 929 2823 honori
948 2769 1080 2835 consulat,
1108 2771 1141 2823 ad
1162 2776 1287 2825 certamen

136 2835 247 2890 canendi
266 2851 325 2890 eum
345 2845 476 2905 provocat.
502 2807 537 2889 l't
544 2854 557 2890 s
575 2853 610 2891 er
616 2853 663 2905 po.
682 2838 780 2906 „Visne
797 2844 824 2892 et
848 2838 927 2890 oin'tu
946 2839 1087 2902 interrogat
1106 2842 1220 2904 tantum,
1244 2832 1287 2891 sed

135 2903 175 2956 uis
196 2909 223 2958 et
239 2905 280 2957 uis
297 2906 324 2957 tu
343 2904 465 2959 excitat.“
483 2904 555 2958 loto.
574 2907 749 2973 „uicissim
768 2905 791 2958 ΙΙ.
807 2906 821 2957 Ι.
839 2919 888 2998 per
905 2907 991 2970 vicesp
1006 2904 1121 2967 alterne;
1143 2904 1177 2959 ad
1198 2916 1286 2957 emne-

135 2968 230 3027 baeum
255 2987 358 3026 carmen
383 2973 564 3040 referendum,
592 2974 622 3026 cl.
650 2974 702 3026 lici.
725 2972 762 3040 V,
785 2972 835 3028 50.‘
874 2971 904 3024 ll.
949 2972 1021 3025 Bene
1049 2976 1137 3025 tamen
1158 2970 1288 3040 perspexit

135 3038 241 3107 Wagn,
267 3042 347 3094 nostri
373 3040 424 3093 loei
450 3055 501 3093 nnn
526 3056 630 3109 prorsus
649 3041 760 3096 eandem
778 3054 841 3094 esse
858 3042 993 3107 rationein,
1012 3044 1090 3104 atqire
1108 3038 1195 3104 illius3
1222 3034 1287 3091 aliud

136 3109 203 3159 enim
224 3121 298 3172 esse,
324 3109 346 3160 si
365 3108 430 3161 alter
447 3114 555 3174 praeeat.
572 3110 685 3164 carmine
713 3106 855 3174 cantando,
881 3107 945 3160 alter
970 3112 1109 3174 sequatur,
1139 3112 1167 3158 ut
1187 3105 1243 3158 Ect.
1260 3103 1286 3170 ll,

135 3173 206 3225 aliud
226 3173 398 3228 amoebaeum
415 3189 527 3241 carmen,
547 3176 624 3242 quale
643 3175 686 3227 lric
705 3175 868 3240 exhiheatur,
886 3173 930 3225 ubi
945 3172 1036 3225 alterni
1056 3178 1166 3239 cantent,
1184 3173 1287 3241 saepius
1330 3208 1332 3231 ,

135 3240 313 3354 periclitantes
332 3240 488 3294 cacuminibus
510 3242 632 3295 canendis
653 3245 729 3296 vires.
750 3242 814 3294 Cum
833 3240 920 3294 verbis
938 3239 1051 3291 vicissim
1068 3238 1136 3291 inter
1155 3253 1208 3291 nos
1225 3252 1286 3293 con-
1330 3254 1332 3263 ·

144 3303 185 3356 'ert
210 3304 266 3359 Cic.
285 3306 333 3375 Ep.
360 3307 392 3360 ad
412 3307 468 3359 llis.
486 3308 516 3375 X,
543 3309 583 3362 34.
611 3310 697 3361 studio
721 3305 801 3376 officii
824 3310 938 3360 aculeo
963 3307 1057 3358 ieter
1083 3320 1149 3358 nes
1175 3305 1287 3359 certata

135 3372 311 3425 constiterunt.
348 3402 381 3411 —-
425 3375 465 3429 29.
492 3376 624 3441 „vitante
651 3376 694 3429 irie
717 3378 734 3428 i.
754 3392 778 3443 q.
804 3377 921 3429 iuvenca.
959 3373 1024 3427 Gen.
1043 3371 1085 3439 ΙΙΙ,
1109 3372 1167 3428 299.
1197 3372 1288 3427 vitam

135 3435 204 3490 dimo
228 3441 421 3492 coronantem
444 3456 545 3494 cornua
568 3438 664 3509 fronte.
707 3443 752 3496 Sic
773 3456 842 3510 puer
857 3442 899 3494 de
917 3443 1027 3507 invene,
1051 3442 1120 3505 viro,
1157 3440 1233 3507 sirpo
1257 3438 1287 3493 de

134 3505 258 3570 muliere,
286 3521 354 3574 quae
380 3509 432 3560 inm
457 3511 565 3576 peperit.
602 3507 652 3575 [ΕΙ.
680 3510 774 3563 adnott.
805 3509 837 3562 ad
864 3509 917 3561 Eoi.
941 3506 984 3575 Vl,
1010 3506 1082 3572 tr.]“
1107 3506 1148 3573 Sp.
1185 3507 1288 3575 Proprie

134 3573 204 3624 enim
221 3573 315 3625 oi.utns
341 3582 367 3628 et
388 3576 467 3627 nitido
492 3583 550 3627 sunt
576 3578 697 3629 animalia
721 3577 809 3631 bovini
835 3578 955 3642 generis,
981 3588 1049 3642 quae
1071 3576 1181 3642 primum
1199 3575 1288 3628 aetads

134 3650 227 3690 annnam
252 3641 364 3694 nondum
393 3643 575 3709 expleverunt,
602 3657 652 3709 quo
674 3645 779 3711 expleto
803 3644 929 3694 lucerinus
953 3648 979 3695 et
996 3642 1106 3695 iuuenco
1124 3641 1291 3695 vocabantur(

134 3731 166 3741 -
185 3704 282 3769 „Addit
303 3723 343 3761 ee
366 3706 459 3775 forte
482 3716 641 3776 recuses,
669 3710 777 3763 laudans
801 3723 908 3761 vaccam
938 3722 953 3760 a
979 3711 1152 3775 praestantia,
1176 3722 1210 3763 uc
1236 3708 1288 3773 illc,

134 3781 211 3845 quem
229 3771 262 3824 ed
280 3778 448 3840 sponsionem
484 3782 597 3839 invocat,
617 3782 749 3831 certamen
769 3777 912 3839 detrectet,
951 3777 1008 3827 uasi
1027 3776 1072 3828 vili
1093 3776 1221 3843 pignore,
1242 3786 1290 3829 uec

134 3840 197 3910 suetis
216 3835 300 3914 digno¹
313 3843 429 3915 positn.“
466 3860 491 3910 p.
518 3843 640 3898 Ceterum
653 3844 744 3910 Wagn.
762 3842 819 3895 Vol.
838 3839 868 3893 V.
884 3789 972 3894 edidit
990 3856 1120 3908 necesses,
1140 3856 1221 3911 quum
1237 3842 1289 3895 La-

105 3919 108 3923 ·
135 3904 179 3950 ιιιιι
199 3900 373 3961 Quinctrtrann
393 3913 459 3963 teste
479 3911 538 3962 inst.
560 3913 582 3974 l,
601 3912 626 3975 7,
646 3911 687 3964 20.
722 3909 858 3963 Ciceronis
876 3912 963 3959 aetate
984 3908 1085 3962 literam
1104 3924 1118 3961 a
1135 3920 1290 3977 praegressa

133 3964 210 4043 longua
220 3968 313 4043 'vocali
324 3974 364 4048 vel
380 3973 540 4042 diphthongo
556 3978 751 4042 geminaverint,
767 3977 841 4027 cuius
857 3974 1056 4029 consuetudinis
1075 3979 1153 4031 etiam
1170 3978 1197 4029 in
1207 3976 1288 4031 Codtl.

132 4038 244 4098 vestigia
262 4043 401 4109 supersint.
446 4041 484 4094 er.
512 4044 570 4096 eius
594 4041 721 4095 Observv.
746 4041 809 4095 ibid.
834 4054 859 4106 p.
879 4038 930 4093 468
947 4054 986 4107 sq.
1009 4071 1040 4079 —
1061 4044 1102 4098 30.
1123 4042 1162 4095 Ex
1180 4044 1289 4107 Tleoer.

135 4097 155 4163 l,
174 4098 216 4155 25.
236 4096 292 4176 ΙΙΙ.
320 4103 398 4154 etiem
415 4104 476 4158 ilnr.
495 4107 579 4174 Epod.
597 4108 662 4174 Xlll,
682 4109 723 4164 49.
742 4109 861 4161 iniessee
883 4106 990 4158 ueniunt
1012 4110 1048 4161 nd
1069 4110 1182 4162 mulctra
1201 4127 1234 4164 cu
1267 4110 1289 4164 l·

134 4166 183 4219 tne.
210 4165 355 4218 canosa.
376 4181 400 4218 ιι.
421 4166 623 4240 selueqnod,
657 4190 736 4253 quum
753 4171 894 4227 Aristotele
912 4172 943 4225 H.
963 4174 994 4226 A.
1015 4174 1058 4242 Vl,
1076 4176 1117 4231 21.
1135 4178 1160 4232 2.
1183 4185 1209 4233 et
1247 4179 1289 4231 tiu.

135 4233 166 4287 H.
186 4232 217 4287 N.
235 4230 306 4297 Vlll,
324 4231 374 4296 45,
393 4236 434 4288 70.
463 4239 573 4292 testibus
591 4255 689 4294 vaceae
706 4255 763 4295 raro
782 4242 888 4306 gignant
907 4242 1041 4306 geminos,
1064 4245 1158 4310 pignus
1177 4246 1307 4313 positum-

138 4316 170 4356 eo
191 4301 273 4367 magis
295 4300 488 4354 commendaret
504 4318 617 4360 necesse
636 4311 699 4361 erat.
719 4337 752 4348 -
769 4307 811 4362 dl.
829 4304 986 4371 Depone,
1029 4309 1081 4361 nod
1107 4309 1172 4364 intra
1197 4326 1221 4364 v.
1247 4310 1289 4367 36.

138 4368 249 4436 simplex
269 4378 377 4436 ponere.
420 4364 515 4423 Graeci
535 4370 630 4426 eodem
651 4386 731 4428 sensu
747 4372 803 4441 (αιι
820 4366 912 4437 Pined,
930 4321 1095 4441 Kampypreis
1111 4376 1294 4455 decernam),
