2676 4950
130 300 199 365 ioli
539 297 569 358 P.
593 296 736 359 vinduil
757 294 918 358 MARONiS

133 470 285 529 Thesauris
307 466 428 539 relinee,
451 466 531 540 prius
552 463 654 523 haustu
676 479 794 540 sparsus
813 477 951 537 aquaram

134 553 193 613 Ora
214 553 295 624 love,
323 550 473 623 fumosque
495 562 577 606 nanu
599 543 757 622 praetendo
778 548 922 621 sequacis.
1226 535 1274 601 230

138 826 243 893 proprie
262 816 413 889 amphorae,
431 819 545 873 dolia-ei
564 819 616 874 alia
633 820 715 873 oblita
731 820 792 888 pice
812 821 839 872 ei
866 815 989 870 obducta.
1014 847 1049 857 -
1074 814 1134 871 229.
1158 814 1214 871 230.
1234 810 1277 882 [o-

138 905 223 945 uere
240 905 305 942 ora
323 890 448 941 boucla
464 901 641 954 aquarum,
660 901 723 955 pro:
742 900 811 953 aqua
828 885 968 938 haeslaos
985 883 1086 939 eluere.
1123 880 1161 935 Gi.
1179 882 1238 937 Gen.
1253 881 1278 948 ii,

138 961 196 1016 135.
216 964 242 1012 ei
259 956 324 1010 Aen.
343 954 397 1019 xil,
419 956 476 1009 420.
513 954 620 1008 Publica
637 957 716 1022 copia
733 954 806 1007 addit
829 965 981 1020 sparsus
998 964 1122 1017 sewu,
1147 948 1240 1005 habeas
1256 962 1279 1002 os

140 1040 267 1093 sparsum,
287 1024 418 1091 proiciam
441 1035 524 1089 aqua,
548 1036 581 1075 ae
600 1024 633 1075 sil
652 1021 721 1075 saraia
739 1021 813 1075 olens
855 1033 916 1073 uam
932 1017 1061 1075 leuiorem
1078 1031 1145 1085 apes
1161 1016 1224 1071 lene
1238 1030 1281 1086 ne·¹

139 1099 250 1159 queunt,
275 1093 320 1158 qui
340 1091 389 1155 ipsi
410 1102 515 1155 quasque
534 1088 605 1141 melli
625 1093 665 1141 est
688 1088 791 1141 noxius.
823 1058 917 1141 iuvant
935 1085 1002 1139 hane
1019 1084 1220 1204 explicationem
1236 1080 1280 1136 Co-

141 1160 262 1213 luaaeliae
281 1156 360 1211 verba
374 1156 416 1221 lli,
436 1157 475 1219 11,
497 1156 522 1209 3.
562 1152 656 1217 Verum
669 1155 786 1208 noune
805 1152 1000 1206 custodiendum
1018 1167 1049 1205 es
1077 1153 1201 1215 wraton,
1218 1164 1281 1218 nun

140 1228 216 1279 oleos
235 1227 351 1277 tractare
369 1222 479 1288 debebit,
502 1224 533 1274 ut
565 1222 631 1275 ridie
648 1225 738 1275 castus
756 1221 789 1274 ab
805 1221 885 1274 rebus
900 1219 1036 1285 venereis,
1054 1231 1122 1272 neue
1138 1219 1281 1281 emensa

138 1307 188 1346 uec
205 1291 258 1343 nisi
274 1291 341 1342 iolas
358 1289 395 1342 ad
413 1303 461 1342 eos
474 1236 590 1354 oceeffat,
610 1289 859 1355 abstineatque
875 1286 1122 1339 redolentibus
1140 1285 1282 1338 esculen-

139 1361 194 1424 tis,
213 1361 243 1410 ut
260 1359 322 1410 sunt
336 1357 499 1408 salsamenta
516 1356 646 1409 eteorum
657 1356 771 1408 mnium
779 1353 950 1424 lipuanalmf
1057 1348 1211 1419 foetenli'bus
1221 1351 1283 1429 aeri-

137 1426 233 1479 moniis
258 1423 313 1477 ollii
331 1424 377 1476 vel
391 1436 515 1489 ceparum
535 1425 733 1490 ceteramque
749 1436 841 1475 rerum
857 1421 977 1473 santium
1013 1419 1060 1472 ubi
1076 1419 1133 1472 vid.
1151 1417 1283 1484 Sohund),

139 1499 167 1548 et
189 1490 286 1546 Pallad.
305 1491 352 1554 lv,
371 1491 416 1554 15,
441 1490 466 1544 1.
490 1487 562 1541 llaec
585 1490 673 1542 οοιοίο
699 1491 837 1557 ceteraque
860 1484 972 1555 efficitur
993 1488 1086 1540 casius
1112 1488 1139 1539 n
1154 1486 1285 1562 andaset

140 1561 243 1612 adeum
268 1557 301 1610 ob
319 1557 390 1610 alliis
415 1556 505 1623 [vulgo
527 1557 595 1610 rnaie
621 1557 731 1621 balans]
754 1559 782 1609 et
802 1555 866 1608 olbis
889 1552 996 1607 aenaea
1013 1557 1040 1607 et
1060 1554 1156 1606 odoris
1176 1552 1284 1605 ennead

138 1631 216 1696 atoue
236 1623 355 1678 omnibus
372 1623 546 1676 salsamentis.
582 1622 677 1689 Negari
697 1630 782 1677 tannen
802 1623 908 1690 nequit,
928 1621 979 1674 hoc
996 1620 1169 1688 Participium
1188 1631 1284 1687 sparsus
1329 1670 1331 1691 Ε

139 1697 175 1746 ila
195 1693 352 1759 explicatum
370 1689 470 1744 habere
482 1704 550 1757 qaae
569 1704 728 1758 magnopere
742 1689 888 1752 offendant3
909 1702 988 1755 quain
1007 1690 1053 1754 qui
1076 1700 1163 1765 aquae
1182 1687 1285 1739 bandua

139 1773 186 1815 ore
204 1760 316 1826 excipit,
345 1759 369 1810 is
394 1771 458 1811 sane
477 1759 561 1810 inians
581 1764 642 1824 apta
662 1771 695 1810 eo
721 1771 834 1824 speum
856 1756 972 1821 dicatum
1002 1754 1075 1822 quod
1101 1768 1155 1808 iana
1178 1753 1285 1807 Reisiin
1324 1780 1331 1797 ·

139 1828 256 1880 sentiens
287 1826 356 1876 coni.
379 1838 482 1902 paruas
499 1823 571 1901 „ipro
596 1838 680 1891 parce
704 1824 867 1943 F⁰⁵i¹¹¹¹¹¹)’.
885 1828 913 1878 et
933 1821 1026 1942 Wagu.
1055 1834 1164 1890 quoque
1187 1828 1285 1883 veretur,
1329 1872 1331 1883 ,

139 1858 1286 2026 1511151553..555311..1555555555555·51155555

526 1999 532 2010 ·
1080 1996 1086 2023 ν

139 2029 170 2088 li.
189 2042 212 2081 e.
232 2028 277 2091 aui
299 2027 432 2089 coenavit)
463 2027 541 2079 eiiam
559 2023 593 2079 de
612 2024 762 2078 bominibus
780 2027 897 2092 usurpari
923 2023 1019 2078 doceat
1048 2036 1074 2076 v.
1093 2037 1118 2076 c.
1140 2022 1195 2074 Lis.
1212 2019 1286 2085 xxii,

139 2094 182 2158 24,
202 2095 242 2158 1.;
262 2105 416 2159 quamquam
435 2089 544 2146 sortasse
555 2093 634 2146 eiiam
668 2092 934 2158 ransusiogipossii.
960 2089 1047 2144 Aliter
1062 2096 1151 2144 lamen
1168 2088 1194 2142 b.
1211 2088 1229 2142 l.
1244 2102 1283 2142 ex·

139 2161 221 2228 plicat
239 2159 355 2225 Servius,
374 2159 417 2225 qui
440 2172 507 2226 aqua
525 2172 637 2226 spargea
657 2172 687 2211 as
705 2172 771 2226 apes
789 2171 850 2213 esse
869 2161 971 2223 monet,
987 2170 1021 2211 ae
1039 2158 1158 2210 inritatae
1174 2160 1286 2219 noman

140 2234 169 2280 ut
191 2227 270 2293 igitur
288 2228 352 2278 arira
369 2228 469 2289 ratione
486 2240 598 2291 sperem
621 2240 669 2294 pro
685 2239 811 2293 spargens
829 2226 941 2293 posiiuua
966 2224 1015 2290 sit,
1040 2229 1068 2276 el
1091 2223 1183 2278 lovere
1206 2235 1287 2289 aquen

139 2308 186 2348 ore
207 2306 267 2361 pro:
282 2294 437 2359 inspergere
452 2305 547 2358 aquarn
566 2293 675 2360 apibus3
693 2295 735 2345 cui
750 2292 916 2359 explicationi
928 2292 1034 2344 minime
1051 2289 1205 2356 probandae
1217 2290 1287 2354 nugis

139 2361 294 2412 conveniret
311 2360 419 2410 alioruin
439 2358 599 2425 quorundam
617 2359 701 2413 Codd.
720 2361 848 2425 scriptura
864 2359 1029 2411 beusteten
1040 2370 1088 2409 ore
1105 2352 1174 2423 fove.
1208 2356 1287 2409 Lectio

139 2426 250 2480 enimin
270 2424 322 2476 hoc
339 2424 398 2476 loco
419 2426 586 2479 vexatissimo
606 2425 712 2479 fluctuat
732 2427 800 2481 inter
816 2426 912 2478 bauain
928 2450 959 2462 -·
983 2423 1039 2477 Ora
1068 2436 1119 2477 oue
1136 2422 1219 2490 (quod
1235 2421 1287 2490 pia-

139 2492 197 2544 rimi
216 2489 300 2544 Codd.
320 2489 466 2557 exhibent),
484 2492 595 2544 benedis
609 2522 644 2530 -
663 2491 719 2546 Ora
735 2490 803 2559 love,
822 2490 1022 2544 liaustu-Ore
1052 2504 1102 2543 oue
1121 2496 1148 2544 et
1162 2492 1286 2542 melu-

141 2553 351 2624 Oresaoeiquae
359 2557 471 2611 bledicei
481 2572 535 2624 ani.
545 2574 583 2625 pr.
594 2565 634 2612 est
642 2561 729 2627 lectio,
740 2559 921 2626 aPhilargyrio
930 2559 1060 2626 explicata
1069 2564 1095 2611 et
1106 2557 1287 2611 aServioeerie

140 2624 353 2689 commemorata)
363 2640 368 2690 ;
379 2626 453 2677 cuius
463 2626 569 2691 quidem
581 2628 715 2680 varietatis
730 2640 835 2679 eausam
844 2627 997 2691 sicexponit
1007 2624 1098 2690 Wagn.
1111 2640 1116 2676 :
1129 2624 1206 2689 „viiii
1215 2624 1289 2688 origi·

139 2705 199 2746 nena
217 2690 334 2745 indicare
346 2691 449 2744 videtur
459 2693 568 2744 aliorum
583 2692 705 2746 libroruin
720 2693 845 2747 mendosa
859 2694 937 2746 lectio
950 2692 1233 2758 laesaequaerausa
1243 2694 1291 2743 ern

139 2759 288 2812 Accusalivi
298 2772 349 2809 oro
368 2759 393 2809 in
409 2772 457 2810 ore
465 2759 648 2811 niaiiandi.lam
658 2774 738 2826 quarn
750 2761 886 2813 notissima
894 2758 1053 2812 essetdicno
1062 2772 1113 2811 ore
1128 2754 1290 2825 seuerapra-

142 2826 217 2879 clivis
226 2830 282 2878 erat
292 2839 371 2890 error,
382 2831 410 2877 ut
421 2839 467 2892 pro
476 2821 537 2890 [oue
546 2826 704 2880 scriberetur
713 2822 802 2892 faoe.“
818 2827 975 2892 scripturam
987 2839 1035 2877 ore
1044 2821 1108 2891 saue
1126 2825 1156 2891 (i.
1166 2839 1190 2879 e.
1200 2838 1291 2878 sacrun

141 2894 274 2946 silentium
288 2898 393 2945 leneas:
414 2890 445 2943 ol.
457 2893 552 2944 adnati.
569 2893 776 2959 adden.V,ll.]
786 2895 885 2959 recepit
896 2893 1014 2956 Brunca,
1030 2907 1045 2945 e
1063 2907 1092 2945 re
1104 2907 1180 2944 sacra
1192 2893 1291 2959 peliiuna

139 2972 202 3013 esse
217 2972 337 3023 censeas,
352 2965 379 3011 at
397 2961 511 3024 apiarius
526 2973 605 3025 purus
618 2965 644 3013 et
663 2974 721 3012 cuna
732 2961 836 3014 silernio
853 2960 972 3013 accedat.
993 2959 1047 3012 Sed
1064 2966 1140 3013 recle
1153 2959 1232 3025 Heya.
1243 2958 1291 3020 (cui

139 3025 214 3078 Voss.
235 3026 391 3090 adsentitur]
409 3030 512 3090 inonet,
538 3028 676 3091 religionis
697 3029 828 3080 notionem
855 3026 886 3078 ab
908 3026 930 3077 b.
953 3027 969 3078 1.
993 3040 1056 3078 esse
1076 3028 1204 3091 alienauu
1223 3039 1292 3091 quarn

141 3092 258 3209 prolecto
284 3095 349 3144 rnira
373 3093 417 3145 iila
444 3099 516 3147 esset
533 3094 642 3158 religio,
669 3098 697 3145 ui
713 3096 880 3159 sacrilegium
900 3096 1086 3146 cerauniissurus
1105 3094 1195 3159 lingua
1212 3099 1239 3146 et
1254 3104 1292 3143 ore

151 3173 229 3213 avere
263 3165 290 3211 et
307 3164 360 3211 iarn
379 3158 475 3211 iunium
499 3158 594 3213 inferre
612 3161 740 3214 iubeatur.
775 3161 803 3212 Si
822 3167 917 3222 aulem,
946 3162 1044 3212 oiiaissa
1062 3162 1132 3213 ourani
1155 3163 1192 3214 rei
1210 3171 1293 3213 sacrae

140 3228 246 3278 nodone
265 3228 356 3291 [quiam
376 3239 439 3278 sane
459 3240 506 3278 ore
523 3222 617 3292 fouere
634 3227 667 3281 de
686 3229 764 3292 ouini,
785 3242 835 3279 non
854 3227 887 3280 de
905 3241 980 3278 sacro
998 3227 1208 3287 saiunsnentio
1225 3227 1293 3279 dica-

140 3298 195 3355 tur,
222 3292 294 3344 volui
312 3291 379 3357 apud
407 3291 515 3345 Ennium
541 3309 566 3360 p.
589 3295 645 3348 114.
670 3295 774 3348 Hessel.
800 3294 958 3346 lusidionles
983 3295 1039 3345 bele
1061 3294 1182 3359 pipilant,
1205 3292 1292 3360 parlin

174 3359 276 3410 iescam
292 3358 402 3411 Proiecit
419 3360 514 3426 plebiis
531 3361 578 3412 sub
597 3363 684 3425 suabe,
703 3375 751 3414 ore
767 3357 909 3427 sacerdes),
927 3361 1080 3427 sinpliciter
1098 3362 1232 3425 explicare
1249 3374 1292 3413 ve·

150 3427 231 3477 inias:
249 3431 338 3478 iacens
358 3432 383 3478 ei
401 3425 497 3478 iunium
518 3426 669 3493 praeferens
688 3428 794 3491 aceede,
814 3434 865 3480 luna
885 3427 947 3494 quid
967 3427 1053 3480 verbis
1073 3427 1171 3479 barasto
1189 3440 1293 3492 sparsus

139 3505 269 3558 equorum
287 3491 433 3545 faciendum
452 3493 499 3558 sil,
524 3494 603 3546 inanito
623 3497 707 3546 asinus
728 3502 850 3562 apparet:
875 3508 932 3545 nani
959 3493 1021 3546 nibil
1041 3496 1090 3546 nisi
1111 3508 1207 3562 corpus
1226 3495 1292 3546 lava-

139 3563 193 3611 tum
212 3558 256 3610 hic
271 3561 377 3624 requiri,
394 3558 456 3610 inihi
475 3561 581 3626 quidem
599 3574 649 3612 non
664 3577 769 3628 possuai
786 3563 956 3629 persuadere.
991 3560 1139 3626 schiracb,
1158 3564 1201 3628 qui
1220 3560 1293 3613 lusius

139 3625 173 3679 de
198 3625 225 3677 h.
246 3625 261 3676 l.
289 3625 403 3692 disputat
427 3641 452 3692 p.
471 3627 521 3682 433
540 3641 595 3692 sq.,
621 3636 724 3681 servata
752 3628 865 3681 lectione
891 3642 942 3680 ora
959 3623 1031 3692 fove,
1060 3627 1231 3680 nihilominus
1249 3639 1292 3678 nea

139 3691 223 3743 solum
244 3691 277 3744 de
296 3707 341 3745 ore
359 3693 489 3758 eluendo,
519 3694 566 3747 sed
584 3694 616 3746 de
637 3701 690 3747 tolo
709 3709 833 3760 corpore,
861 3695 929 3747 iac-ie
949 3701 1021 3747 certe
1043 3702 1070 3747 el
1087 3695 1208 3747 inanibus
1226 3695 1291 3745 nva-

138 3760 210 3810 tione
229 3759 370 3824 purgandis
388 3760 522 3825 virgiliani
541 3762 611 3826 loqui
630 3765 793 3828 suspicatum
821 3762 891 3828 quod
917 3768 1001 3814 {aurien
1028 3762 1161 3826 quomodo
1186 3775 1219 3815 ex
1235 3761 1291 3827 ipsis

138 3824 226 3875 verbis
245 3827 301 3876 erui
320 3832 417 3891 possit,
438 3840 487 3878 non
507 3827 592 3880 video.
628 3828 679 3880 Alii
696 3830 854 3882 coniecturis
880 3828 949 3880 hanc
967 3829 1053 3880 locum
1072 3834 1213 3890 vexarunt,
1233 3838 1289 3893 quius

93 3908 96 3912 ·
139 3893 401 3956 tacerepraestal.—
418 3894 476 3948 230.
492 3895 617 3960 Sequitur
630 3894 930 3961 alierumpraecepluni:
949 3890 1062 3961 fumos
1081 3908 1186 3946 manu
1196 3907 1289 3960 prae-

139 3955 256 4018 lende;
276 3971 327 4022 quo
350 3961 394 4025 quai
416 3960 528 4012 alvearia
548 3961 620 4014 adiro
637 3962 700 4015 velit
721 3968 747 4015 ei
764 3963 814 4015 nel
829 3962 964 4027 excidere,
984 3960 1079 4013 lirnium
1097 3974 1161 4026 prae
1179 3975 1210 4014 se
1228 3960 1288 4013 terre

138 4021 243 4075 iubetur
261 4023 294 4074 ad
315 4025 456 4089 abigendas
475 4040 547 4092 apes.
584 4026 622 4079 lli.
641 4028 740 4080 Colum.
756 4027 796 4086 ill,
817 4031 858 4094 15,
879 4031 902 4082 5.
923 4027 1084 4093 Palladilll,
1101 4029 1126 4093 7,
1143 4028 1169 4082 2.
1188 4034 1216 4081 et
1231 4026 1285 4078 Plin.

137 4087 179 4154 XI,
200 4088 239 4152 16,
262 4090 300 4143 15.
320 4104 335 4141 a
355 4091 430 4143 Voss.
451 4093 555 4145 laudati.
577 4124 609 4136 -
639 4095 797 4150 231-235.
824 4095 906 4161 „Sunt
923 4094 991 4147 haec
1007 4095 1173 4161 interposita.
1208 4093 1250 4146 Bis
1266 4095 1285 4143 ia

136 4169 205 4208 anno
218 4155 296 4208 mella
314 4159 474 4210 eximuntur:
501 4174 564 4215 vere
584 4168 676 4215 exacto
701 4160 814 4224 (Calain.
836 4161 884 4226 lli,
904 4164 950 4224 15,
970 4162 1007 4227 1.)
1031 4164 1059 4215 at
1076 4161 1148 4213 eirea
1166 4162 1285 4229 aequino-

137 4224 216 4275 ctium
233 4221 279 4284 (lX
309 4224 346 4287 ld,
366 4225 420 4287 11.)
453 4224 551 4279 Locum
571 4229 632 4280 oliui
653 4230 693 4280 sic
706 4228 885 4295 accipiebam:
903 4226 949 4279 Bia
965 4226 1091 4294 aanor
1108 4232 1205 4296 cogunt
1217 4224 1284 4293 lebes,

134 4302 172 4343 sc.
191 4263 323 4368 agricolae
356 4303 403 4342 seu
425 4292 551 4357 mellarii;
579 4302 676 4360 cogunt
695 4300 795 4360 autera,
815 4295 974 4361 compellunt
993 4298 1066 4348 extra
1086 4293 1160 4361 alvei
1173 4292 1282 4367 nesebin

133 4356 186 4409 ium
204 4357 268 4421 [aad
289 4330 388 4411 uolua.
406 4356 448 4423 iil,
467 4360 504 4423 15,
524 4360 579 4428 6.);
608 4362 724 4415 nonnulli
742 4361 949 4426 adscendebant,
967 4366 995 4412 ut
1014 4359 1132 4413 tavomn
1150 4362 1226 4428 capia
1239 4357 1281 4410 sibi
