2676 4950
480 313 684 376 ononarcou
709 314 777 375 na.
798 314 844 375 ιν.
1181 308 1253 375 eoa
1293 270 1300 285 ’

85 484 156 544 Cum
181 481 285 556 quibus
307 479 355 540 illa
378 479 480 539 choros
503 481 576 538 lacis
597 478 720 554 agitabat
742 481 770 537 ia
791 479 867 552 altis,

86 567 214 626 Exitium
235 568 339 621 misere
362 563 473 638 apibus.
517 562 558 619 Τιι
580 578 696 619 munera
714 561 839 636 supplex

86 646 196 720 lende,
219 651 322 721 petens
344 662 454 720 pacem,
470 649 508 728 ¹et
531 645 624 703 facilis
646 659 786 702 venerare
808 643 949 718 Napaeas.
1192 632 1254 699 535

87 731 218 803 Namque
241 727 347 786 dabant
368 733 480 786 veniam
501 730 586 799 votis,
609 730 723 800 irasque
746 729 899 784 remittent.

87 810 157 884 Sed,
181 809 281 868 modus
303 809 402 868 orandi
426 813 473 884 qui
497 813 543 882 sii,
565 812 645 883 prius
668 807 768 866 ordine
791 806 892 866 dicam.

87 894 216 963 Quatuor
239 896 358 950 eximios
381 895 537 966 praestanti
560 906 681 962 corpore
704 895 809 963 tauros,

88 976 145 1044 Qui
167 975 218 1033 tibi
241 991 314 1032 nunc
335 973 435 1032 viridis
458 973 614 1048 depascunt
636 988 743 1030 summa
764 972 878 1046 Lycaei,

86 1058 200 1130 Delige,
223 1061 251 1115 et
272 1060 377 1115 intacta
399 1056 517 1116 totidem
540 1057 655 1113 cervice
677 1057 821 1113 iuvencas.

88 1140 218 1209 Quatuor
239 1138 282 1196 bis
304 1154 368 1197 aras
390 1139 447 1196 alta
468 1137 504 1196 ad
528 1137 645 1195 delubra
666 1135 780 1194 dearum

90 1221 256 1295 Constitue,
279 1225 308 1279 et
328 1236 440 1279 sacrum
462 1219 564 1292 iugulis
588 1218 705 1276 demitte
729 1232 877 1289 cruorem,

89 1302 276 1377 corporaque
297 1309 360 1377 ipsa
382 1303 466 1360 boum
489 1299 624 1358 lroudoso
649 1300 750 1358 desere
772 1300 847 1359 luco.

89 1385 160 1443 Post
182 1385 229 1443 ubl
248 1402 323 1444 nona
345 1401 412 1444 snos
431 1385 541 1442 Aurora
563 1381 720 1440 ostenderit
747 1386 835 1456 ortus,

89 1524 233 1591 Utrumque
250 1526 357 1579 verbum
377 1525 445 1578 band
466 1538 523 1577 raro
543 1521 664 1576 conlundi
685 1523 763 1576 docet
780 1522 866 1575 Bnrrn.
888 1521 920 1575 ad
939 1521 1015 1575 Orio.
1034 1519 1066 1576 A.
1084 1520 1117 1574 A.
1136 1519 1177 1589 ll,
1195 1520 1256 1577 toa.

93 1619 127 1632 -
152 1592 211 1646 534.
242 1606 387 1645 munera
412 1592 559 1659 supplem
584 1590 697 1655 tende,
723 1590 867 1657 protendo,
886 1588 960 1643 oller.
997 1587 1034 1641 tr.
1056 1590 1121 1642 Aen.
1142 1588 1175 1654 ll,
1195 1589 1255 1643 674.

89 1671 255 1725 pararrmque
268 1660 341 1725 patri
357 1659 479 1712 tendebat
492 1657 584 1710 ialam.
619 1655 732 1709 Neaera
750 1662 845 1725 antem,
865 1663 894 1710 ut
912 1657 1037 1723 tonores,
1058 1656 1179 1708 dicantar
1195 1669 1256 1708 om-

91 1727 464 1856 dtr.ttlt¹¹⁵0lilt¹³li¹¹llt
480 1721 1257 1857 itttttltttlt·nr’llttltll,llltsiitlt‘ctl

91 1857 190 1911 Electr.
214 1859 270 1913 634.
307 1858 512 1925 Clytaemnestra
536 1870 630 1924 proces
658 1855 757 1909 lactura
776 1859 887 1923 imperat
903 1869 1013 1910 servae:
1039 1856 1134 1925 ἔπαιρε
1159 1854 1193 1918 δὴ
1220 1853 1253 1904 ad

92 1920 216 1990 θύμαθ’,
237 1923 470 1993 incipiendam.
506 1925 544 1977 lta
561 1924 666 1990 proprie
686 1926 798 1989 positam
819 1922 910 1987 lende,
938 1924 1094 1990 praesertim
1112 1936 1170 1975 cunr
1187 1921 1254 1974 Par-

93 1992 185 2058 ticipio
220 1994 399 2058 eieaspacem
417 1988 591 2059 copulatum.“
617 1988 707 2042 Waad.
743 1989 818 2042 Voss.
838 1988 939 2043 coulart
955 1987 1115 2057 Sopb.0ad.
1128 1987 1246 2043 Celtilli

95 2063 122 2111 ei
140 2058 186 2109 Sil.
228 2060 248 2124 l,
267 2061 325 2113 473.
345 2059 422 2111 notis
439 2090 456 2102 -
475 2087 493 2097 -
510 2056 625 2110 desistite
641 2057 767 2109 torrorem
790 2055 918 2121 Tendere,
937 2055 982 2109 nbi
1001 2063 1086 2109 tamen
1104 2055 1194 2108 Heius.
1213 2067 1246 2108 ve

89 2125 208 2190 pendere
227 2126 270 2178 rel
288 2126 401 2178 vendere
422 2126 543 2178 coniecit.
565 2151 594 2160 -
611 2127 736 2190 petens
750 2137 879 2190 pacem,
897 2130 926 2175 nt
943 2125 1055 2190 propitia
1072 2123 1131 2175 sint.
1150 2150 1182 2162 -
1202 2116 1257 2186 [a-

95 2192 191 2254 ciies,
212 2191 367 2256 placabiles.
403 2191 440 2243 Cl.
459 2192 556 2245 adnott.
577 2190 609 2242 ad
632 2191 698 2244 lieo.
718 2191 764 2256 ΙΙΙ,
784 2191 840 2245 165.
871 2190 966 2242 collata
985 2203 1043 2240 cnm
1061 2191 1109 2257 iis,
1137 2201 1205 2255 quae
1224 2186 1257 2240 ad

93 2257 151 2310 lici.
171 2257 216 2319 ΙΙΙ,
234 2257 260 2308 9.
280 2256 472 2325 adscripsimus.
484 2285 517 2294 -
535 2255 703 2323 Napaeae,
725 2256 859 2325 Nymphae
880 2257 991 2310 saltuum
1010 2260 1037 2309 et
1052 2269 1196 2320 nemorum,
1213 2255 1257 2309 vel

95 2325 184 2388 potius
204 2322 358 2375 convallium
373 2324 527 2377 silvosarrun
552 2324 580 2390 (a
599 2323 676 2391 νάπῳ
695 2340 715 2378 s.
735 2324 806 2391 nimy
835 2324 1012 2390 appellatae),
1041 2336 1106 2390 qaas
1125 2321 1223 2377 diserte
1243 2335 1260 2375 a

95 2388 244 2454 Dryadibus
270 2389 429 2457 distinguunt
451 2390 551 2444 Colum.
577 2391 613 2458 X,
640 2393 697 2446 264.
737 2391 965 2458 rllaeaatidrrmqrre
995 2391 1091 2442 odoros
1113 2387 1257 2456 Dryadum,

95 2454 276 2522 Nyrmlasqne
293 2454 423 2524 Napaeas,
445 2464 472 2512 et
489 2457 592 2511 Nemes.
612 2458 666 2510 Eat.
685 2459 717 2526 ll,
735 2460 777 2514 20.
812 2456 887 2518 Oeae
905 2457 988 2510 colitis
1005 2458 1102 2523 siloas,
1126 2455 1258 2523 Dryades,

98 2535 215 2587 quaeqae
234 2526 326 2590 antra,
344 2522 482 2590 Napaeae,
501 2523 535 2576 El
551 2539 618 2591 qnae
637 2540 789 2578 marmorea
803 2526 886 2591 pede,
904 2523 1010 2590 Naides,
1028 2525 1082 2576 uda
1100 2524 1206 2576 secatis.
1224 2550 1258 2563 -

97 2586 157 2640 536.
176 2589 297 2655 „aolis,
316 2593 437 2658 precibus
456 2589 541 2644 iactis.
578 2591 654 2645 Forte
673 2599 789 2660 praestat
802 2594 1002 2658 interpungere:
1025 2589 1141 2657 Namque
1161 2589 1261 2642 dabunt

96 2654 214 2720 acriora,
240 2655 306 2708 catis
328 2657 436 2725 irasque
455 2657 608 2710 recantantf‘
636 2657 667 2711 ΙΙ.
703 2659 757 2712 Sed
774 2659 842 2723 virle,
864 2673 932 2724 qnae
951 2671 1029 2722 supra
1048 2658 1080 2709 ad
1098 2672 1123 2710 r.
1144 2658 1187 2711 22.
1207 2656 1259 2709 ad-

96 2723 250 2774 notavimus.
270 2752 301 2761 -
335 2725 394 2778 537.
415 2725 471 2792 qni
490 2725 545 2777 sit.
582 2724 703 2790 Quinque
723 2725 804 2778 Codd.
825 2731 853 2777 et
873 2724 944 2777 editt.
959 2730 1021 2777 vett.
1040 2725 1098 2790 qais
1116 2724 1157 2788 sit,
1177 2723 1258 2788 male;

96 2800 176 2854 quam
195 2789 221 2840 in
238 2803 311 2857 seqq.
331 2791 420 2843 orandi
441 2791 532 2843 modus
553 2806 599 2857 per
618 2799 706 2858 partes
726 2790 897 2854 describatur,
919 2796 945 2842 ot
963 2791 1047 2855 qualis
1067 2804 1128 2842 essa
1148 2789 1256 2856 debeat,

96 2855 252 2909 declaretur.
273 2857 338 2913 Vide
359 2859 456 2911 adnott.
475 2858 508 2910 ad
526 2857 658 2921 mettre.
680 2887 711 2898 -
735 2857 793 2912 538.
814 2856 966 2908 eairrtias
984 2856 1127 2909 secundnm
1144 2854 1258 2910 Forcell.

95 2924 201 2987 proprie
218 2918 355 2976 dicebatur
373 2925 405 2977 de
422 2925 576 2976 animalibus
595 2926 627 2977 ad
644 2924 800 2977 sacrificinm
817 2924 918 2986 electis,
929 2926 990 2988 quia
1001 2921 1173 2974 insacriliciis
1185 2924 1258 2988 apti-

96 3001 165 3038 nrum
177 3003 257 3054 pecus
269 3004 283 3043 e
296 3004 377 3056 grege
390 2992 560 3056 eximebatur,
574 2997 642 3045 teste
651 2992 729 3046 Festo
742 3006 766 3058 p,
775 2991 816 3055 61.
829 2991 892 3042 edit.
907 2989 1022 3041 tindem.
1036 2994 1063 3042 et
1075 2988 1189 3042 llacrob.
1203 2989 1258 3043 Sat.

96 3052 142 3119 ΙΙΙ,
154 3057 177 3108 5.
199 3054 237 3108 Gi.
257 3059 335 3109 etiarn
354 3058 484 3110 liralrenb.
504 3058 602 3110 arlLiv.
614 3058 669 3123 Vll,
681 3060 722 3115 37,
743 3060 767 3111 1.
787 3083 819 3092 -
837 3056 895 3111 539.
916 3055 943 3107 ln
962 3055 1108 3122 Lycaeo,
1128 3057 1258 3110 Arcadiae

96 3128 183 3174 monte
208 3126 270 3175 satis
296 3131 355 3176 noto
382 3123 429 3186 (de
455 3139 506 3191 quo
527 3125 577 3177 rid.
598 3125 695 3178 adnott.
722 3125 755 3176 ad
774 3122 830 3176 Eoi.
849 3121 885 3186 ll,
906 3125 958 3186 15.)
983 3123 1119 3175 Aristaeus
1144 3130 1261 3177 armenta

96 3187 195 3241 babere
214 3196 337 3242 narrator.
375 3190 413 3242 tt.
436 3205 459 3242 v.
480 3191 553 3257 286,
578 3192 621 3242 nbi
641 3191 773 3243 Arcadius
797 3189 921 3257 magister
938 3194 1052 3241 vocatur.
1077 3218 1112 3226 —
1134 3191 1191 3245 sto.
1209 3190 1260 3242 in-

96 3256 189 3305 tacta
209 3256 356 3320 cerciac,
375 3259 430 3309 scil.
452 3259 522 3323 iugo,
541 3259 657 3323 ideoque
677 3257 788 3310 nondum
808 3258 962 3322 subiugum
985 3258 1085 3309 missas.
1114 3255 1158 3308 Sic
1179 3259 1258 3311 etiarn

96 3322 165 3385 apud
187 3320 246 3376 Hor.
264 3322 347 3388 Epod.
366 3323 407 3388 IX,
429 3325 471 3378 22.
496 3325 609 3376 intactae
628 3325 715 3378 loces.
751 3323 884 3376 Macrobio
903 3323 957 3375 Sat.
977 3322 1023 3390 ΙΙΙ,
1044 3325 1068 3377 5.
1088 3323 1190 3390 iniapes
1206 3325 1258 3376 lra-

96 3387 163 3437 siiae
181 3388 309 3441 dicantur.
338 3420 364 3429 -
402 3392 459 3444 5-11.
486 3391 642 3455 deornm,
668 3391 884 3458 Nynrplrarunrv.
905 3391 962 3444 532.
982 3417 1014 3428 -
1032 3391 1259 3455 „addeladra

94 3459 241 3506 statuantur
260 3470 327 3520 arae,
347 3463 405 3509 ante
425 3459 561 3523 templum,
580 3460 605 3508 in
624 3457 743 3528 προνάῳ,
764 3472 797 3510 err
818 3471 904 3519 rnore3
924 3456 1075 3509 deintra
1096 3457 1176 3522 alta,
1198 3460 1260 3524 qnia

95 3520 221 3583 gradibus
239 3521 448 3576 adscendebatur
466 3523 498 3574 ad
517 3523 639 3590 ternpla.“
663 3523 694 3575 ΙΙ.
730 3526 769 3577 lle
790 3523 898 3576 delabro
917 3529 1021 3589 autern,
1051 3523 1120 3591 qnod
1139 3523 1259 3579 latiorem

94 3584 314 3650 significationem
328 3590 430 3642 ridetur
448 3589 580 3655 babuisse,
601 3605 676 3657 qnam
696 3592 828 3656 ternplum,
848 3593 897 3643 etsi
917 3590 1025 3642 Romani
1042 3593 1093 3659 ipsi
1112 3592 1164 3642 rim
1182 3590 1260 3644 buius

94 3653 216 3704 vocabuli
236 3655 407 3723 antiquissimi
428 3659 561 3709 nonsatis
581 3664 781 3723 perspexerunt,
799 3656 878 3710 Varro
899 3656 926 3709 L.
945 3657 974 3709 L.
994 3657 1049 3711 vti.
1069 3672 1094 3723 p.
1114 3656 1172 3712 219.
1200 3657 1260 3726 Bip.

95 3718 164 3795 baec
181 3721 285 3773 scribit:
305 3721 376 3774 Sicut
390 3723 479 3787 tecam,
498 3723 525 3774 in
536 3737 586 3790 qao
603 3721 713 3790 figerent
726 3724 865 3776 candelam
883 3724 1072 3776 candelabrum
1088 3723 1260 3790 appellarunt,

95 3788 133 3836 ita
150 3786 177 3838 in
195 3801 244 3853 qao
263 3789 339 3839 deam
354 3793 488 3855 ponerent,
510 3791 826 3842 norrrinarantdaiubram
834 3805 844 3853 ;
865 3804 932 3855 qnae
946 3797 1025 3844 ‘certe
1042 3793 1180 3856 ingeniosa
1198 3797 1259 3858 oty-

95 3852 209 3917 mologia
238 3855 378 3911 censenda.
415 3854 454 3907 iil.
479 3857 589 3910 Gesner.
615 3859 640 3907 iu
659 3856 738 3910 Thes
756 3857 785 3907 L.
806 3857 835 3908 L.
856 3870 875 3908 s.
896 3856 922 3910 b.
942 3872 967 3909 r.
999 3863 1025 3911 et
1043 3858 1123 3910 Kritz.
1143 3857 1176 3910 ad
1195 3857 1259 3911 Sall.

95 3917 152 3970 Cat.
175 3922 213 3984 11,
232 3921 257 3974 6.
276 3951 309 3959 -
344 3923 401 3976 542.
428 3922 577 3986 demitte,
606 3921 661 3986 lac,
689 3929 717 3974 ut
740 3925 766 3974 in
787 3923 890 3974 bornam
917 3922 1020 3977 dessuat.
1058 3924 1153 3992 Optirni
1172 3930 1259 3980 tamen

95 3984 177 4036 Codd.
199 4002 256 4037 cnm
274 3988 370 4041 lledic.
393 3989 494 4054 dimitte,
513 3988 589 4055 quod,
610 4003 765 4056 quamquam
784 3992 809 4040 in
829 3992 1158 4058 contentumnonrecepit,
1176 4005 1259 4058 prae-

93 4052 152 4102 tulit
170 4058 254 4106 tamen
275 4055 345 4106 lalrn.
367 4055 399 4106 ad
421 4055 486 4107 lieo.
506 4055 539 4116 ll,
557 4056 581 4109 8.
602 4066 641 4121 tp.
661 4057 718 4110 toa.
739 4055 781 4108 ed.
801 4056 866 4121 ll),
891 4063 919 4109 ut
942 4059 992 4109 sit:
1018 4060 1170 4123 „emittere‚
1189 4059 1260 4111 nullo

93 4125 216 4182 respectu
226 4120 285 4176 loci,
296 4136 346 4186 quo
355 4125 442 4174 veniat
451 4122 475 4180 ;“
490 4122 708 4186 queamdmodum
720 4124 798 4174 etiarn
807 4122 921 4190 AenVl,
930 4125 989 4178 455.
1001 4124 1135 4177 erblerlic.
1149 4125 1261 4191 aliisque

92 4183 170 4236 bonis
191 4186 264 4239 libris
285 4187 364 4239 scribi
383 4188 479 4239 voluit:
506 4190 637 4253 maneas]
663 4189 760 4240 dimisit
786 4189 922 4242 lacrimas.
959 4190 1023 4243 llilri
1043 4197 1129 4242 tamen
1148 4192 1262 4256 volgaris

93 4251 178 4314 magis
216 4251 293 4319 lacet,
313 4254 496 4319 qnnminralis
508 4254 638 4308 adiectum
657 4256 699 4308 sit.
712 4282 744 4291 -
763 4255 822 4308 543.
833 4270 963 4324 cruorem,
984 4256 1154 4323 t'oryraraqae
1172 4257 1261 4323 ipsa.

91 4317 151 4393 vid:
173 4266 271 4370 afmait.
290 4320 323 4372 ad
343 4319 408 4372 Geo.
429 4270 473 4386 An,
492 4319 550 4399 387..
571 4351 603 4361 -
621 4335 730 4388 „nona
750 4319 899 4375 Aurora.
935 4323 1009 4376 Haud
1028 4325 1085 4377 scio
1104 4336 1137 4374 an
1155 4326 1260 4389 cogita-

91 4387 161 4438 rent
177 4382 259 4449 podttt
276 4384 309 4440 da
327 4399 408 4438 sacra
425 4387 598 4452 novemdiali,
623 4387 677 4441 rid.
696 4392 751 4441 not.
770 4386 804 4440 ad
821 4386 889 4443 Aen.
909 4387 946 4456 ll,
964 4389 1024 4446 64.“
1056 4387 1089 4442 Η.
1124 4387 1260 4447 Wundarl.
