2676 4950
247 917 1025 1043 enoenmrum

424 1131 825 1227 enrriours'r.

56 1411 139 1515 Etsi
172 1445 344 1527 permultas
365 1443 514 1506 habemus
536 1440 652 1522 Virgilii
673 1439 842 1524 editiones,
870 1443 1012 1524 interque
1038 1462 1092 1508 eas
1120 1447 1212 1513 laude

57 1541 83 1592 et
105 1528 337 1609 praedieatione
359 1526 569 1606 dignissimae,
603 1525 836 1589 desiderabatur
862 1535 962 1590 tamen
990 1528 1089 1590 adime
1118 1529 1212 1594 editio

57 1630 117 1673 nun
136 1613 227 1673 niruis
250 1611 353 1690 ampla
374 1617 404 1672 et
425 1608 547 1671 medieo
569 1609 669 1686 pretio
692 1609 848 1689 parabilis,
870 1626 962 1690 quae,
986 1613 1212 1677 recentioribus

57 1696 276 1772 elegantiorem
297 1693 454 1754 literarum
477 1690 683 1771 profectibus,
705 1692 756 1770 qui
777 1694 881 1770 quanti
903 1692 1013 1754 luerint
1035 1711 1073 1754 ne
1088 1695 1211 1760 tirones

56 1777 176 1856 quidem
191 1777 274 1858 sugit,
290 1773 532 1854 accommodata,
548 1772 681 1853 optimas
696 1790 834 1853 quasque
855 1780 883 1834 et
903 1776 1080 1852 cognitione
1093 1776 1213 1855 dignis-

61 1860 154 1918 simas
173 1860 304 1935 priorum
318 1856 467 1920 editorum
483 1854 700 1917 adnotationes
717 1856 760 1917 ita
772 1857 802 1916 in
821 1872 911 1917 unum
930 1859 1109 1919 coniunctas
1131 1877 1212 1923 eon-

61 1941 180 2019 liceret,
205 1946 242 2020 ut,
264 1957 341 2019 quae
364 1939 481 2001 abillis
502 1938 551 2000 rel
575 1954 706 2016 prorsus
728 1938 880 2019 aegineta,
901 1939 950 2000 vel
973 1939 1073 2003 obiter
1096 1947 1212 2007 tantum

57 2030 295 2084 commemorata
317 2028 440 2102 essent,
462 2019 628 2100 prudenter
650 2020 809 2099 suppleret
832 2027 861 2082 et
884 2029 1026 2102 augeret,
1048 2024 1212 2105 variasque

58 2122 161 2167 eorum
192 2106 382 2184 sententiae,
411 2120 506 2182 saepe
535 2103 566 2164 in
593 2107 698 2181 partes
728 2120 858 2183 prorsus
886 2103 1026 2188 diversas
1049 2105 1211 2186 abeuntes,

57 2189 190 2249 brevitor
214 2185 416 2249 examinando
434 2186 483 2249 vel
506 2184 794 2264 comprobaret,vel
816 2186 958 2248 reliceret
980 2196 1009 2250 et
1031 2190 1153 2251 veriora
1173 2192 1212 2254 iis

57 2271 267 2333 substitueret.
312 2270 420 2349 Atqui,
451 2275 481 2330 ut
509 2268 699 2346 antiquiores
730 2275 988 2331 eomrrrentatores
1018 2277 1047 2332 et
1077 2271 1212 2336 editores

57 2369 185 2431 prorsus
207 2360 336 2431 taceam,
359 2357 502 2430 quantum
518 2350 596 2411 lueis
610 2349 710 2411 indea
729 2351 970 2412 Burmannorum
988 2354 1118 2416 maxime
1133 2362 1213 2417 tem-

57 2434 183 2514 poribus
206 2435 315 2495 hurum
337 2435 483 2514 ipsorum,
505 2433 623 2511 Heynii,
638 2431 836 2511 Wakefieldii,
858 2432 1012 2515 Brunelrii,
1034 2435 1213 2521 Schinaelrii,

59 2517 169 2598 lossii,
187 2517 359 2597 llansoniS,
374 2515 603 2595 Wunderliclrii,
616 2514 759 2595 Rrrpertii,
779 2516 954 2597 Weieirerli,
976 2517 1082 2596 lalruii,
1096 2519 1213 2602 Tlrielii,

10 2575 12 2627 ἱ
58 2599 265 2679 imprimisque
279 2599 434 2679 Wagneri,
452 2598 515 2659 Viri
530 2594 702 2677 doctissimi
721 2604 751 2659 et
768 2597 806 2659 de
818 2598 944 2678 Virgilio
963 2600 1087 2662 mirilico
1105 2603 1214 2683 meriti,

10 2662 13 2781 l
58 2684 137 2743 curis
158 2688 188 2743 et
203 2680 314 2743 studiis
331 2685 444 2759 politae
460 2685 570 2742 nostro
587 2679 711 2740 allatum
727 2682 787 2742 esti
812 2680 947 2754 Quorum
965 2689 1066 2762 tomen
1079 2685 1212 2746 virorum

11 2796 14 2833 ι
58 2765 190 2826 omnium
220 2764 459 2825 commentarios
488 2761 695 2840 amplissimos
727 2769 756 2824 et
781 2763 1046 2844 locupletissimos
1069 2775 1214 2833 accurate

12 2854 14 2885 i
58 2847 247 2925 perlustrare
269 2851 299 2907 et
315 2862 353 2907 ex
367 2845 461 2907 multa
477 2861 572 2906 arena
585 2860 684 2923 pauca
698 2844 846 2906 interdum
859 2846 925 2906 auri
943 2860 1040 2923 grana
1058 2848 1214 2930 colligere,

12 2914 15 2991 l
58 2936 201 3008 quantum
224 2944 338 3007 operae
360 2934 391 2990 et
411 2927 528 2989 laboris
550 2927 700 3005 requirat,
729 2933 863 2988 nonest
885 2926 967 3005 qued
989 2945 1046 2989 usu
1068 2938 1214 3008 expertos

13 2996 16 3097 l
59 3013 201 3088 doceam,
222 3011 403 3087 praesertim
416 3025 508 3089 quum
525 3008 573 3070 vel
587 3008 702 3087 optima
714 3007 833 3069 illarum
847 3007 1023 3090 editionum,
1045 3010 1214 3093 narniam,

14 3106 17 3159 r
60 3093 97 3153 ab
121 3091 277 3168 Wagnero
302 3093 435 3171 repetita
461 3098 492 3154 et
519 3096 624 3170 aucta,
658 3090 825 3168 legentium
855 3090 1016 3153 commodo
1045 3092 1122 3155 adeo
1150 3111 1214 3159 non
1289 3113 1298 3129 ¹

14 3166 18 3319 ι
59 3173 241 3253 prospiciat,
258 3180 288 3234 ut
301 3191 381 3253 quae
398 3180 482 3235 arcte
496 3173 661 3235 coniuncta
674 3189 745 3234 esse
758 3172 901 3250 debeant,
917 3190 973 3253 per
987 3173 1213 3258 adnotationes,

59 3273 112 3335 per
126 3257 229 3317 varias
245 3255 406 3336 lectioneS,
417 3273 472 3335 per
485 3272 644 3336 excursus,
657 3271 712 3334 per
726 3257 928 3334 quaestiones
941 3256 1060 3320 additas
1072 3258 1213 3339 dispersa

59 3347 87 3400 et
101 3338 260 3417 distracta,
279 3339 377 3401 tribus
398 3339 447 3400 vel
469 3346 601 3418 quatuor
617 3337 697 3400 loeis
711 3339 806 3400 multo
823 3356 889 3401 eum
906 3339 1021 3402 sudore
1041 3341 1214 3420 colligenda

59 3422 127 3482 siut.
171 3419 274 3493 Quare
299 3421 350 3500 qui
379 3421 428 3483 vel
456 3421 516 3483 lroe
544 3437 636 3481 unum
658 3419 818 3500 prudentis
837 3421 1035 3484 collectionis
1058 3427 1213 3503 negotium

59 3504 202 3581 subierit,
232 3503 298 3564 iure
320 3519 378 3565 suo
408 3502 540 3582 aliquam
562 3502 681 3564 videtur
703 3510 888 3583 exspectare
910 3521 1006 3585 posse
1029 3508 1157 3584 gratiam
1183 3518 1214 3572 et

59 3585 353 3663 comprobationem.
375 3598 378 3603 ·
399 3585 460 3648 Sed
480 3587 511 3646 in
534 3602 571 3646 eo
595 3601 683 3646 neme
703 3588 902 3667 acquiescet,
932 3588 979 3648 eui
1008 3588 1109 3651 bonae
1131 3597 1213 3654 artes

59 3683 148 3729 curae
172 3664 321 3745 cordique
343 3668 421 3748 siut,
442 3668 555 3746 quique
577 3667 646 3746 ipse
670 3667 784 3746 aliquid
807 3669 989 3747 procreandi
1011 3675 1041 3732 et
1064 3671 1102 3733 ad
1124 3689 1215 3736 eem-

16 3756 20 3798 t
58 3765 174 3810 munem
192 3748 353 3811 utilitatem
371 3749 547 3812 conserendi
559 3749 715 3810 ‘facultate
734 3767 768 3811 se
784 3750 950 3829 praeditum
966 3753 1090 3815 sentiat.
1120 3756 1215 3818 Multa

16 3803 19 3965 b
58 3833 133 3892 enim
156 3830 299 3893 addenda
322 3839 351 3907 et
374 3831 560 3911 supplenda,
582 3831 676 3893 multa
697 3831 859 3894 refutanda
881 3838 910 3894 et
928 3835 1110 3913 corrigenda
1132 3854 1215 3919 esse,

58 3913 144 3975 laeile
166 3913 334 3994 intelliget,
362 3914 510 3993 imprimis
534 3930 625 3992 quum
655 3915 776 3992 priores
799 3914 950 3997 editurae,
976 3918 1003 3979 si
1025 3918 1162 3983 lalrnium
1184 3928 1216 3984 et

56 3995 241 4074 Wagnerum
265 3998 443 4077 exceperis,
471 4004 586 4057 tantum
608 4011 671 4057 non
694 4012 801 4058 omnes
823 3998 854 4058 in
875 3997 944 4060 sula
966 4016 1066 4063 rerum
1090 4010 1120 4064 et
1141 4021 1217 4066 ver-

56 4077 162 4140 borum
186 4078 396 4157 explicatione
419 4078 577 4157 occupati,
600 4080 816 4156 grammatieas
838 4081 976 4143 rationes
999 4084 1063 4144 lere
1086 4102 1216 4164 prorsus

55 4161 264 4242 neglexerint,
298 4162 489 4238 maximeque
517 4160 733 4239 particularum
771 4177 862 4223 veras
896 4164 1138 4242 significationes
1166 4169 1217 4230 rel
1266 4157 1268 4163 ’
1298 4161 1311 4173 ’

54 4243 235 4320 ignorantes
258 4242 308 4306 vel
331 4243 539 4324 despicientes
560 4242 591 4304 in
606 4243 708 4306 mullis
730 4244 807 4305 loeis
826 4245 1065 4330 interpretandis
1083 4252 1218 4330 graviter

55 4326 235 4389 erraverint.
968 4411 1009 4466 *2
