2676 4950
494 286 697 347 eucnemon
723 287 789 347 uin.
814 287 859 348 lV.
1179 285 1250 352 497

68 458 118 515 At
141 457 228 513 cantu
252 457 410 512 commotae
432 450 519 510 Erebi
542 449 577 511 00
601 450 718 511 sedibus
740 456 805 511 imis

68 536 208 597 Umbrae
230 535 309 594 ibant
332 540 432 593 leuues
453 533 661 608 simulacraque
689 535 752 593 luce
774 539 935 594 carentum:

71 620 175 691 Quam
199 618 285 676 multa
307 620 335 675 in
358 616 435 675 loliis
457 619 548 674 avium
571 632 602 674 se
627 617 713 676 millia
736 610 870 690 condunt,

68 702 197 778 Vesper
218 701 267 758 ubi
289 703 337 758 aut
358 699 493 757 hibernus
514 701 572 772 agit
593 697 629 757 de
650 699 794 757 montibus
816 699 924 758 imber:

71 783 202 856 blaires,
225 786 311 856 alque
333 784 397 855 viri,
421 780 613 855 defunctaque
635 796 757 855 corpora
778 784 836 839 vita

73 866 292 940 Magnanimum
315 864 441 936 heroum,
463 866 555 938 pueri,
576 866 768 938 innuptaeque
791 863 911 938 puellae,

75 949 275 1024 lmposilique
299 950 376 1020 rogis
398 949 517 1002 iuvenes
540 951 604 1003 ante
627 962 677 1003 ora
698 950 861 1020 parentum;

78 1033 163 1101 Quos
188 1034 295 1087 circum
316 1027 400 1086 limus
421 1030 503 1101 niger
524 1031 552 1085 et
575 1026 711 1085 deformis
734 1027 842 1088 arundo

80 1113 198 1187 Cocyti,
221 1110 359 1184 tardaque
381 1110 461 1184 palus
482 1109 641 1166 inamabilis
664 1109 737 1168 unda

80 1196 199 1266 Alligat,
223 1196 252 1250 et
273 1196 373 1251 novies
395 1191 466 1267 Styx
487 1191 625 1249 interlusa
647 1195 773 1249 coercet.

82 1277 160 1346 Quin
184 1279 264 1350 ipsae
286 1278 421 1349 stupuere
444 1272 543 1332 domus
565 1276 650 1347 atque
671 1277 769 1332 intima
790 1273 851 1332 Leti

81 1359 219 1430 Tartara,
242 1357 448 1430 caeruleosque
469 1355 611 1430 implexae
634 1355 759 1414 crinibus
781 1358 881 1429 anguis

82 1439 277 1508 Eumenides,
299 1440 446 1512 tenuitque
468 1437 579 1496 inhians
602 1440 655 1495 tria
680 1437 822 1496 Cerberus
844 1453 903 1510 ora,

86 1611 181 1663 regem
202 1594 282 1649 cordo
300 1594 392 1649 neseio
411 1591 626 1647 mansuescere.“
658 1591 690 1644 H.
725 1592 765 1648 Do
792 1596 883 1647 ornatu
902 1595 956 1647 loci
973 1609 1006 1649 eu
1024 1594 1127 1662 Copula
1142 1599 1250 1665 saepius

86 1666 202 1731 repetita
227 1661 259 1715 ci.
286 1662 382 1714 adnott.
407 1659 439 1713 ad
464 1659 530 1713 Geo.
549 1659 601 1722 lll,
628 1660 687 1714 474.
713 1687 746 1696 -
780 1661 934 1717 til—teo.
954 1660 1157 1730 „Ornatissimus
1174 1664 1250 1718 loeus

87 1746 139 1853 per
157 1729 379 1784 enumerationem
397 1741 455 1779 cnm
474 1726 572 1780 dilectu
591 1723 694 1779 laetam.
712 1756 745 1765 -
778 1727 838 1782 473.
863 1730 966 1795 diupei,
984 1728 1085 1780 010010
1102 1728 1250 1796 καμόντων

102 1800 121 1850 l.
137 1795 229 1859 XXlll,
246 1796 288 1850 72.
306 1795 409 1861 ibant,
430 1793 463 1846 ad
482 1798 619 1847 canentem
636 1792 828 1847 conlluebant.“
850 1792 881 1846 H.
902 1823 933 1834 -
952 1794 1146 1848 simulacro
1171 1797 1249 1851 loce

88 1866 275 1917 carentum
305 1875 338 1916 ex
361 1860 482 1915 Lucretio
501 1860 549 1918 lv,
573 1860 615 1914 39.
642 1859 819 1926 depromtum,
843 1860 888 1913 ubi
914 1862 1039 1927 legimus:
1072 1876 1249 1930 quamsaepe

87 1929 192 1998 fipcror
210 1927 361 1980 Conlatinus
377 1928 470 1995 miros,
489 1927 683 1993 aimnlucrcque
701 1927 757 1979 loce
776 1929 917 1980 carentum.
954 1927 992 1981 Cl.
1011 1943 1041 1983 su
1060 1943 1090 1982 ra
1105 1943 1131 1982 r.
1140 1930 1200 1984 255.
1215 1958 1247 1969 -

87 1999 149 2053 473.
169 1996 202 2048 in
220 1992 331 2061 loliis.
356 1994 453 2070 bled,
478 1992 584 2047 Menlel.
621 2007 657 2059 r.,
681 1992 774 2047 bloret.
797 2009 837 2060 pr.
855 1996 953 2061 aliique
970 1995 998 2046 in
1016 1944 1101 2061 sidcis,
1126 1997 1196 2063 quod
1214 2012 1249 2052 er

87 2065 149 2118 loco
169 2070 256 2115 nostro
275 2061 415 2125 simillimo,
434 2059 501 2114 rien.
509 2059 552 2124 Vl,
565 2007 640 2127 303„
660 2059 713 2112 huc
732 2061 888 2136 translatum.
909 2089 941 2098 -
958 2063 1017 2116 474.
1035 2062 1108 2127 „obi
1122 2076 1248 2129 vesper·

88 2129 343 2191 cornilanam,
362 2128 523 2192 procellosus
542 2126 583 2191 [ut
594 2125 701 2193 χειμὼν
712 2132 737 2180 01
750 2127 854 2192 berne),
872 2127 979 2180 imber
996 2142 1074 2182 ease
1096 2129 1101 2139 '
1124 2129 1155 2181 de
1169 2144 1250 2183 anon-

88 2198 158 2249 tr'bns
179 2196 215 2256 (v.
235 2209 292 2260 sup.
314 2193 346 2246 ad
366 2193 430 2248 Geo.
448 2193 468 2259 l,
486 2194 544 2248 374.
564 2196 603 2253 50
622 2193 655 2245 ad
672 2194 752 2247 silvas
773 2201 800 2247 et
817 2193 936 2247 arborum
953 2200 1032 2249 tecta.
1091 2194 1108 2249 l.
1126 2195 1191 2249 Aen.
1207 2197 1249 2266 vi,

87 2262 246 2320 ene-312.
271 2287 304 2296 —
338 2261 397 2313 475.
424 2274 576 2326 corporo
600 2260 754 2324 beroam,
786 2261 871 2327 simpl.
896 2260 1002 2316 heroes.
1037 2260 1135 2315 Versus
1152 2262 1180 2314 1ιί
1199 2263 1250 2316 ad-

88 2329 204 2382 umbrati
222 2341 256 2379 ex
273 2324 364 2391 Odyss.
381 2325 422 2391 xi,
440 2325 583 2381 37-43.“
601 2324 632 2377 H.
651 2327 779 2380 iterantur
796 2334 882 2380 autem
899 2327 964 2382 Aen.
979 2327 1022 2394 Vl,
1040 2328 1198 2385 306-308.
1216 2358 1251 2367 -

87 2393 249 2450 478-480.
271 2392 361 2460 „Quos
380 2390 492 2459 Cocytus
512 2392 618 2459 elStyx
637 2393 754 2447 creditu
780 2393 927 2461 probibent
963 2394 1017 2447 lam
1042 2401 1158 2448 ornatum
1177 2396 1248 2451 vide.

86 2463 138 2515 Pro
165 2459 278 2527 Cocyto,
304 2460 397 2512 limoso
423 2466 449 2513 et
471 2459 628 2511 arundinoso
651 2459 746 2526 lluuio,
773 2460 876 2513 limos
897 2461 999 2528 niqer
1025 2463 1057 2513 et
1078 2459 1251 2528 deformia

89 2527 238 2591 arando,
257 2528 346 2590 cuius,
364 2527 386 2579 si
405 2525 457 2580 late
475 2529 561 2579 omnia
579 2526 698 2592 obsidet,
716 2528 873 2581 iniucundus
891 2542 922 2581 ae
940 2529 1019 2582 tristis
1037 2528 1084 2582 ads
1103 2535 1178 2583 ectus
1194 2537 1250 2598 est-;

90 2593 216 2658 adeoque
231 2592 547 2658 pcbtrincmcbilis,
576 2592 723 2659 ἀνέραστος
740 2594 919 2661 propinari,
957 2597 1049 2661 inuisa,
1077 2543 1249 2663 detestabilis,

90 2667 120 2715 et
138 2659 243 2711 londo
259 2660 355 2711 nudo.
390 2659 470 2711 Porro
488 2660 632 2724 circum,
651 2658 683 2711 ab
703 2661 773 2712 omui
790 2665 879 2726 parte,
905 2661 1035 2727 clliqot
1055 2667 1082 2715 et
1106 2667 1248 2728 coercet,

88 2727 215 2793 implicat,
233 2726 351 2791 impedit,
369 2730 397 2776 ut
413 2725 510 2779 Statius
529 2731 555 2779 et
574 2726 618 2777 alii
637 2725 687 2778 boe
703 2726 774 2779 idem
794 2725 931 2779 eilemui.“
948 2725 978 2778 H.
998 2754 1031 2763 -
1049 2728 1109 2782 470.
1129 2728 1169 2782 00
1188 2729 1249 2780 Go-

90 2796 169 2860 0010
186 2792 237 2846 vid.
258 2792 356 2846 adnott.
375 2791 408 2844 ad
427 2791 493 2846 Geo.
511 2791 555 2857 lll,
574 2792 616 2847 38.
641 2818 674 2828 —·
697 2791 899 2845 inamabilis
924 2792 1039 2845 endo·
1057 2792 1148 2847 Plures
1166 2793 1248 2848 Codd.

88 2859 214 2912 innobilis
228 2860 309 2912 ando.
344 2858 547 2925 „acromatum
566 2863 626 2926 post
644 2859 780 2925 antiquiss.
800 2856 879 2910 libros
905 2857 1028 2922 [bledic.,
1046 2857 1135 2927 Rom,
1157 2860 1248 2926 fragm.

87 2927 173 2979 Vatic.
190 2925 255 2990 etc]
274 2925 390 2981 delendit
408 2927 486 2978 etiam
503 2924 616 2978 llacrob.
636 2924 678 2991 Vl,
697 2928 721 2977 7.
743 2923 809 2978 000.
830 2923 863 2989 11,
882 2923 917 2988 6.,
936 2925 1045 2977 imitatio
1064 2923 1150 2978 Ovidii
1172 2927 1247 2992 [blei.

87 2992 119 3058 Χ,
139 2992 193 3056 15]
213 2992 354 3045 inamoeno
371 3005 469 3059 repon,
489 2996 516 3046 et
535 2992 601 3046 Aen.
620 2990 666 3054 Vl,
685 2991 743 3047 438
770 2989 815 3042 nbi
832 3003 857 3042 v.
875 2991 934 3045 479.
952 2991 1012 3045 480.
1040 2991 1133 3044 iterum
1150 2993 1248 3057 lenun-

88 3056 159 3112 tur.“
176 3058 208 3111 H.
243 3058 327 3123 Magis
345 3059 423 3112 etiarn
443 3057 494 3110 bue
512 3060 643 3125 pertinent
660 3057 711 3110 duo
729 3029 773 3109 alii
793 3055 963 3121 Metamorph.
983 3056 1051 3122 loci,
1082 3058 1124 3122 lv,
1143 3058 1202 3114 476.
1221 3064 1249 3114 et

86 3125 153 3182 XIV,
173 3125 231 3180 500.
249 3125 293 3177 ubi
311 3125 450 3178 inferorum
468 3125 608 3178 inonrcbile
625 3137 734 3191 repnom
752 3129 976 3176 commemoratur.
1001 3151 1034 3160 -
1069 3124 1128 3179 480.
1147 3124 1249 3192 „slya

86 3192 210 3244 novies
238 3188 431 3259 interfuso,
452 3191 512 3254 dum
529 3193 621 3245 novies
640 3190 719 3243 ambit
737 3189 859 3243 Erebum.
892 3188 949 3242 lico
968 3190 1083 3242 ultimum
1101 3195 1249 3259 exprimere

86 3259 198 3311 uoluere
225 3257 359 3311 Claudian.
378 3257 494 3323 XXXlll,
511 3259 554 3313 23.
581 3271 647 3324 qnos
671 3255 736 3324 Snsc
760 3256 896 3308 liventibus
923 3254 1002 3308 ambit
1017 3252 1111 3321 Insnsc
1128 3259 1204 3311 codis
1222 3265 1249 3313 et

86 3324 187 3378 Statius
195 3324 326 3389 TheblV,
334 3325 391 3380 524.
410 3324 648 3392 dispensarem
659 3319 781 3388 interfluo
794 3322 914 3375 Manibus
929 3326 1011 3376 errat.
1025 3351 1052 3360 -
1072 3325 1129 3379 481.
1148 3325 1250 3391 ipone

87 3392 208 3444 domos
225 3391 340 3445 Plutonis
361 3392 433 3456 regia
452 3406 513 3445 esse
531 3397 653 3457 possunt,
672 3390 720 3443 sed
738 3390 836 3454 verius,
854 3388 989 3457 Tartarus3
1012 3389 1113 3455 ipsae
1130 3391 1249 3444 domos

86 3457 167 3510 Leti
183 3459 216 3509 et
229 3459 351 3510 intima
370 3455 538 3522 Tartaro,
558 3457 724 3523 splendidius
740 3456 799 3522 boe,
815 3469 892 3521 quam
909 3455 976 3521 loca,
994 3457 1147 3522 penetralia.
1166 3458 1249 3512 Aliter

86 3527 156 3578 Aen.
173 3522 217 3587 Vl,
235 3525 303 3588 277,
322 3524 367 3577 ubi
384 3523 474 3576 Letrrm
493 3526 518 3575 in
536 3524 618 3591 primo
637 3521 698 3575 Orci
716 3522 787 3574 aditu
807 3522 926 3575 collocat.
964 3521 1020 3576 Reli
1042 3536 1075 3573 ua
1094 3523 1127 3578 00
1143 3523 1248 3577 Tartaro

86 3589 227 3656 utrobique
245 3592 403 3644 conveniunt
424 3605 449 3643 v.
469 3592 518 3645 555
537 3586 613 3657 sqq.“
637 3587 668 3641 H.
703 3588 794 3654 Wagn.
820 3587 867 3650 Qu.
886 3587 957 3654 Virg.
1039 3588 1083 3656 lll,
1101 3591 1126 3644 4.
1157 3591 1249 3643 donum

87 3660 192 3723 cique
210 3657 300 3708 intimo
320 3656 376 3710 Leti
397 3656 511 3709 Tartaro
528 3662 601 3710 recle
624 3656 808 3721 interpretatur
834 3654 909 3721 „beli
927 3655 1063 3709 demusin
1082 3659 1160 3709 imum
1181 3657 1248 3709 Tar-

86 3728 169 3776 tarum
193 3720 346 3788 depressa.“
383 3723 419 3776 Ci
447 3723 513 3777 Geo.
535 3722 575 3788 ll,
591 3722 649 3776 242.
668 3721 759 3788 ibique
784 3721 882 3775 adnott.
909 3752 941 3762 -
975 3721 1035 3776 482.
1060 3721 1248 3789 impleuere.

84 3789 161 3842 blulti
181 3789 264 3842 Codd.
294 3791 447 3856 amplexae,
477 3790 549 3842 llom.
570 3794 596 3842 et
614 3787 703 3854 fragm.
722 3788 806 3842 Varie.
823 3789 940 3841 innecoe
959 3803 992 3843 ex
1009 3790 1249 3854 interpretamento,

86 3854 159 3922 quod
183 3854 256 3909 lluxit
280 3870 313 3910 ex
337 3857 403 3910 Aen.
423 3854 472 3921 Vl,
497 3856 555 3910 281.
605 3854 745 3907 Discordia
774 3853 907 3921 Vipereom
934 3855 1032 3907 crinem
1056 3856 1124 3908 cittis
1146 3858 1249 3909 iancea

85 3923 213 3974 cruentis.
255 3922 357 3978 Eadem
380 3923 502 3978 lectionis
525 3925 638 3977 varietas
667 3920 872 3987 deprehenditur
896 3922 967 3989 apud
990 3920 1082 3974 Tibull.
1103 3923 1129 3988 l,
1148 3924 1178 3991 3,
1197 3924 1248 3988 69,

84 3988 131 4042 ubi
151 3989 204 4042 vid.
222 3988 336 4043 Huschk.
361 3994 390 4045 et
412 3988 517 4043 bissen.
551 3988 689 4054 vulgarem
714 3989 855 4041 lectionem
882 4003 939 4042 eom
960 3987 1034 4040 robat
1053 3990 1131 4042 etiam
1148 3990 1248 4042 Horatii

83 4057 170 4123 locus,
189 4057 240 4107 iam
259 4056 291 4109 ab
309 4056 370 4111 aliie
387 4055 489 4121 altatus,
509 4055 593 4122 Epod.
612 4053 647 4118 ll,
668 4056 708 4109 15.
736 4053 847 4107 Canidia
865 4004 986 4109 brecidjos
1003 4054 1133 4120 implicato
1151 4056 1248 4122 viperis

84 4121 189 4174 Crines.
226 4119 264 4174 Cl.
284 4124 364 4177 etiam
380 4120 456 4179 our.
474 4120 535 4175 Met.
548 4121 604 4186 Vll,
624 4121 680 4175 101.
701 4125 727 4175 et
744 4120 774 4186 X,
791 4122 850 4175 271.
868 4122 990 4175 indoctae
1008 4120 1131 4175 cornibus
1152 4137 1248 4175 corum

83 4195 112 4243 et
136 4189 237 4241 similes
262 4188 323 4241 loci.
350 4218 380 4231 -
413 4188 473 4245 483.
504 4187 572 4249 000
596 4192 656 4253 post
680 4189 795 4239 lenuit
819 4187 894 4241 abest
916 4187 1080 4241 anonnullis
1100 4189 1182 4242 Codd.
1201 4187 1249 4252 (ci.

85 4256 172 4309 Burrrr.
192 4254 223 4306 ad
243 4254 269 4308 b.
290 4256 306 4307 l.
327 4260 353 4310 et
372 4253 442 4308 Cori.
462 4254 494 4309 ad
514 4254 609 4307 Lucan.
629 4253 649 4319 l,
668 4253 751 4320 642),
771 4268 878 4318 quornm
897 4259 984 4308 tamen
1002 4251 1069 4306 fidos
1088 4269 1178 4320 parum
1198 4269 1250 4308 ex-

80 4323 185 4443 ptipara
205 4327 265 4440 est13)
287 4327 314 4375 et
330 4320 422 4440 {lagu
440 4321 489 4386 Qu.
507 4320 578 4388 Virg.
595 4319 657 4388 xli,
684 4322 724 4376 15.
750 4323 806 4374 iure
828 4321 977 4386 contendit,
1003 4318 1147 4442 gignolam,
1170 4335 1248 4389 quam

131 4389 229 4440 'ruera
269 4400 319 4440 ans
348 4428 354 4440 .
1003 4388 1025 4407 ‘¹
