2676 4950
487 298 672 361 nucoucl.
720 303 796 365 acu.
820 304 854 365 u.
1209 297 1248 363 21

88 458 192 522 exstitit,
212 461 243 508 ut
262 458 290 507 iu
309 455 361 532 hoc
378 470 478 534 genere
501 459 633 524 ingenium
653 468 789 517 exerceret
805 463 939 529 Virgilius,
958 462 990 516 ad
1010 462 1079 530 qnod
1097 464 1149 514 iam
1166 475 1249 529 prope

87 529 238 591 accesserat
262 522 397 577 scribendi
416 524 517 579 Culice.
561 526 636 589 Quod
653 531 767 582 auctoris
793 530 982 596 elegantissimi
1001 530 1138 582 consilium
1161 533 1190 580 ut
1215 541 1248 582 eo

88 593 161 645 citius
181 597 380 667 exsequeretur
399 591 536 658 Virgilius,
561 593 656 645 tactum
676 601 716 648 est
734 610 783 663 per
798 597 990 662 Alexandrum,
1015 610 1093 648 unum
1114 608 1129 649 e
1148 596 1247 663 pueris,

88 660 129 779 gui
145 658 263 711 Pollioni
283 657 317 709 ad
335 658 431 724 pocula
450 665 530 712 erant.
564 658 713 727 Coeperant
733 665 783 715 iam
803 669 880 719 antea
899 663 1042 717 nobiliores
1060 662 1167 716 Rotnani
1186 663 1248 715 viris

104 727 169 778 octis
189 724 261 784 adeo
281 723 443 779 familiariter
460 727 512 791 uti,
541 732 568 778 ut
586 726 636 779 sibi
662 727 687 780 in
704 730 856 795 itineribus,
883 729 986 798 quando
1004 743 1116 798 peregre
1134 727 1248 791 abibant,

87 800 130 848 ant
146 795 199 845 ruri
220 795 334 846 comites
347 806 413 846 esse
430 793 535 860 vellent,
559 795 637 847 ,dorni
653 802 739 865 autem
759 812 807 864 per
824 801 905 851 otium
918 804 945 851 et
962 801 987 850 in
1009 798 1094 863 epulis
1108 797 1247 850 ‘convivas

87 859 199 939 Proinde
218 859 320 926 l'ollio,
347 863 392 927 qni
411 860 478 933 hunc
497 875 593 917 tuorem
622 875 673 915 nou
691 863 775 917 solum
793 880 839 933 pro
861 870 899 919 ter
920 864 1152 927 consuetudinem,
1179 877 1247 931 quae

87 930 138 982 iam
162 927 326 993 invaluerat,
352 927 400 981 sed
419 935 525 995 propter
548 929 664 983 indolem
688 933 800 984 nativam
819 881 978 998 adsciverat,
1003 931 1091 999 paullo
1109 936 1248 999 postquam

86 995 210 1061 Virgilius
231 996 256 1048 ei
275 996 439 1060 innotuerat,
465 995 498 1049 ad
518 1010 618 1050 coenae
636 998 791 1052 societatem
810 1001 935 1055 invitarit.
969 999 1008 1052 lbi
1027 998 1150 1063 Virgilius
1168 1011 1247 1064 quum

87 1060 276 1128 Alexandrum,
295 1059 508 1139 tortuosissimum
527 1076 652 1132 puerum,
677 1078 763 1132 neque
782 1068 865 1119 minus
884 1066 970 1121 lelicis
988 1067 1247 1132 ingenti-praestan-

86 1131 139 1193 tia,
162 1142 243 1197 quam
262 1142 379 1195 corporis
404 1128 565 1186 lormositate
586 1131 777 1199 excellentem,
802 1134 913 1187 Pollioni
939 1134 1045 1201 pocula,
1060 1133 1247 1186 ministrantem

86 1200 270 1266 conspexerat,
289 1196 357 1250 adeo
376 1210 434 1251 eum
452 1196 593 1251 admiratus
613 1205 662 1264 est,
680 1204 708 1252 ut
725 1200 829 1268 poetam
847 1201 924 1268 plane
943 1207 1045 1268 captum
1065 1212 1152 1253 amore
1171 1199 1247 1266 pueri

85 1267 197 1319 sentiret
212 1262 307 1316 Pollio.
343 1262 466 1329 Virgilius
483 1270 511 1318 ut
529 1279 603 1331 eum,
632 1281 710 1333 quem
729 1267 841 1334 diligere
862 1274 996 1335 coeperat,
1016 1266 1107 1321 adsui
1126 1265 1247 1321 benero-

86 1331 195 1386 lentiam
214 1334 394 1398 permoveret,
420 1345 525 1385 carmen
543 1335 690 1400 composuit
712 1335 738 1386 iu
758 1337 815 1388 eius
832 1335 940 1400 laudes,
965 1348 1016 1402 qua
1034 1348 1063 1389 re
1082 1338 1109 1389 et
1126 1332 1247 1400 Pollioni,

86 1400 130 1467 qui
149 1397 203 1450 hoc
224 1402 373 1464 optaverat,
398 1397 536 1452 satislecit.
571 1399 610 1454 lta
628 1407 714 1455 autem
732 1401 796 1454 illud
815 1403 984 1480 temperarit,
1010 1406 1038 1454 ut
1063 1415 1096 1455 ex
1114 1399 1247 1453 Theocriti

86 1464 247 1543 carminibus
261 1464 386 1532 pleraque
398 1471 541 1534 repeteret,
561 1482 670 1535 quorum
688 1469 794 1522 assidua
817 1470 932 1524 lectione
952 1470 1063 1521 animum
1082 1467 1246 1521 formaverat.
1284 1492 1286 1498 ·

85 1533 121 1588 Se
145 1532 255 1600 quidem
281 1529 440 1600 Corydonis,
465 1533 639 1588 Alexandrum
666 1535 757 1591 Alexis
785 1538 889 1591 nomine
915 1541 1069 1603 personatos
1094 1533 1246 1586 introduxit.

86 1598 203 1655 Fuerunt
223 1597 331 1666 quidem
351 1600 421 1652 inulti
451 1602 495 1671 qui
515 1601 566 1654 hoc
580 1609 723 1668 negarentr
742 1603 791 1659 sed
811 1610 919 1658 temere.
954 1602 1049 1655 Nititur
1067 1602 1135 1655 enim
1153 1613 1187 1654 ea
1204 1612 1247 1653 res

85 1668 238 1723 mauritonio
258 1665 350 1718 nonan
375 1667 399 1730 ς.
420 1640 460 1723 io.
481 1669 523 1723 at.
559 1668 644 1724 serm
663 1670 695 1723 au
714 1669 770 1723 ua.
793 1671 825 1737 ιι,
846 1673 868 1726 ι.
888 1675 915 1724 et
933 1670 973 1725 ιι.
1009 1668 1135 1721 martianus
1153 1666 1181 1731 v,
1206 1665 1246 1722 re.

84 1735 203 1812 tingo.
224 1733 292 1799 Vlll,
311 1734 352 1788 56.
372 1735 677 1813 epuletnpolpete.
697 1737 815 1792 Elmeuh.
835 1737 995 1805 Propertii,
1014 1736 1055 1799 et,
1073 1736 1125 1800 73,
1147 1735 1246 1801 etipse

87 1800 211 1857 Horatius
230 1802 344 1868 quodam
363 1801 421 1855 loco
440 1801 533 1871 Epistt.
555 1803 606 1856 huc
622 1806 774 1871 respexisse
792 1804 903 1858 videtur.
940 1804 1013 1867 Quae
1033 1817 1112 1869 quum
1132 1803 1169 1855 ita
1186 1803 1246 1866 sint,

87 1871 131 1938 qni
148 1873 292 1935 negarunt,
320 1874 363 1920 aut
381 1868 472 1922 horum
496 1871 718 1937 testimoniorum,
744 1878 788 1925 aut
806 1873 906 1924 illorum
930 1877 1077 1938 temporum
1094 1881 1247 1934 morumque

88 1942 162 1991 erant
179 1937 349 2002 ignaru...
369 1937 444 1998 Quod
463 1942 549 1992 autern
570 1937 631 1992 iude
650 1940 675 1990 in
695 1939 794 2006 Virgilii
813 1953 898 1991 mores
916 1937 1060 2002 redundat,
1079 1936 1181 1990 etiamsi
1202 1935 1246 1988 vi-

88 2007 149 2058 tiosi
173 2003 368 2080 quodammodo
387 2000 497 2084 luerint,
522 2019 572 2057 non
598 2010 638 2060 est
666 2006 812 2060 celandum.
847 2005 912 2058 Nam
933 2004 1098 2068 siluissent,
1126 2016 1176 2055 nou
1194 2006 1247 2054 tam

87 2073 172 2140 ipsius
190 2073 238 2123 riri
258 2071 348 2138 culpa,
376 2085 453 2138 quam
471 2077 616 2139 temporum
634 2074 770 2141 iniquitate
794 2072 904 2126 luissent
921 2072 1057 2139 inquinati.
1093 2070 1247 2124 Memineri-

89 2153 153 2205 mus,
171 2138 217 2190 illo
237 2150 303 2191 aevo
322 2137 451 2191 Romanos
472 2141 523 2191 iam
543 2139 644 2207 pridem
667 2154 683 2192 a
719 2143 787 2194 risca
803 2141 970 2207 sinrplicitate
991 2139 1024 2192 ad
1042 2138 1186 2203 luxuriem,
1214 2135 1246 2188 ab

89 2207 240 2273 integritate
254 2219 417 2271 morumque
443 2209 562 2262 castitate
586 2207 619 2260 ad
647 2155 769 2261 libitfiues
795 2205 936 2261 detlexisse
964 2205 1099 2275 perbelle
1118 2203 1247 2268 diuturna,

88 2274 247 2340 divitiasque
266 2276 430 2326 externarum
448 2275 564 2339 gentium
584 2288 673 2328 earum
694 2289 726 2329 ue
746 2275 892 2342 exemplum
913 2288 996 2341 saepe
1016 2272 1246 2338 corruptissimum,

86 2340 278 2410 nequesolum
303 2338 335 2392 ad
354 2339 472 2392 illicitam
490 2340 626 2404 Venerem,
646 2289 693 2395 seg
712 2341 745 2394 ad
763 2344 889 2410 impuram
913 2341 1066 2396 adeo.---
1085 2338 1248 2406 Quamquam

86 2423 148 2463 uero
169 2407 293 2472 Virgilius
314 2406 363 2458 hac
381 2412 525 2475 temporum
543 2408 704 2475 perditorum
724 2411 829 2464 miseria
847 2410 967 2462 excusari
986 2411 1086 2474 posset,
1104 2409 1126 2457 si
1146 2407 1247 2522 imffium

86 2489 176 2531 amore
201 2473 338 2527 dilexisset
356 2473 546 2539 Alexandrum,
566 2489 616 2527 nou
632 2474 770 2529 doluerunt
788 2483 872 2530 tanuen
888 2478 940 2528 iam
962 2475 1056 2543 priscis
1077 2473 1186 2542 tempori
1207 2483 1247 2536 us,

87 2551 165 2611 alque
185 2542 312 2608 aequales
332 2540 416 2608 adeo,
435 2549 462 2593 ut
480 2543 609 2596 Asconius
631 2542 778 2610 Pedianus,
799 2545 843 2610 qui
862 2542 993 2598 eiusmodi
1013 2540 1115 2608 culpam
1133 2553 1149 2591 a
1168 2539 1248 2591 castis

87 2609 191 2677 Virgilii
212 2607 327 2660 moribus
344 2616 517 2663 removerent.
554 2609 628 2664 Licet
646 2611 715 2664 enim
732 2625 782 2663 uon
799 2612 959 2678 negaverint,
978 2608 1046 2677 quod
1066 2606 1141 2661 lateri
1159 2603 1247 2660 debe-

86 2692 153 2743 mus,
181 2681 295 2729 amatum
320 2673 401 2730 luisse
422 2692 437 2729 a
457 2677 565 2742 Virgilio
593 2677 784 2743 Alexandrum3
837 2678 959 2732 robarunt
985 2683 1071 2729 tamen
1096 2679 1123 2728 el
1143 2687 1202 2727 eum
1222 2674 1249 2726 et

86 2742 225 2809 Cebetem,
245 2743 323 2795 alium
342 2743 471 2810 quendam
485 2758 602 2813 puerum,
622 2751 694 2798 casto
715 2759 803 2800 amore
819 2693 901 2799 fuisse
917 2745 1037 2809 dilectos,
1058 2746 1086 2794 ut
1104 2755 1120 2794 a
1137 2740 1247 2793 Socrate

86 2818 114 2870 el
127 2810 243 2865 Platone
264 2808 391 2864 lorruosos
411 2813 537 2878 irruenes,
554 2826 605 2866 non
624 2811 749 2866 abutendi
768 2815 801 2864 iis
819 2813 931 2881 consilio
948 2811 979 2864 ad
998 2810 1096 2875 scelus,
1114 2807 1163 2862 sed
1182 2820 1247 2861 eru-

87 2877 178 2935 diendi
197 2875 378 2946 formandique
402 2892 482 2931 causa
506 2893 555 2947 per
572 2880 684 2934 doctam
699 2880 747 2931 riri
774 2879 835 2932 boui
862 2877 1088 2932 consuetudinem.
1125 2874 1164 2927 Ac
1181 2887 1248 2942 pro-

86 2944 157 3002 lecto
175 2944 300 3011 Virgilius
318 2949 345 2998 et
363 2944 465 2999 Alexim
481 2951 507 3000 et
522 2944 646 3001 Cebetem
666 2945 777 3001 erudivit
794 2948 839 3011 ita,
858 2951 885 2998 ut
906 2960 938 2999 ex
958 2946 1003 2997 illo
1022 2941 1097 2996 lieret
1114 2953 1248 3008 gramma-

85 3015 156 3067 ticus
191 3025 226 3066 ex
243 3011 293 3064 hoc
311 3018 398 3066 aulem
416 3012 503 3080 poeta.
529 3042 561 3054 -
586 3013 668 3066 Pollio
688 3013 734 3065 illo
754 3015 867 3066 carmine
886 3012 954 3066 adeo
974 3008 1120 3064 delectatus
1139 3013 1195 3072 est,
1220 3010 1249 3058 ut

86 3051 201 3144 Virgilio
226 3078 293 3149 dono
318 3079 392 3133 daret
415 3079 604 3145 Alexandrum,
636 3081 816 3132 cuiuscaosa
840 3080 944 3131 mutatis
968 3075 1115 3129 noudnibus
1139 3073 1167 3126 id
1192 3076 1248 3126 erat

89 3145 274 3215 couscriptum.
320 3147 420 3209 Quodsi
446 3148 471 3198 in
503 3146 554 3200 hoc
580 3150 694 3201 carmine
720 3147 843 3213 Virgilius
869 3145 957 3212 paullo
985 3143 1132 3197 ardentiore
1159 3152 1247 3193 amore
1275 3166 1281 3179 =

85 3213 264 3269 Alexandrum
283 3215 474 3280 concupiscens
492 3214 567 3268 nobis
591 3214 707 3278 uidetur;
732 3221 900 3282 reputemus,
928 3226 987 3267 eum
1005 3212 1054 3265 nisi
1092 3208 1178 3262 oe'tam
1195 3220 1247 3261 uo-

85 3283 183 3343 luisset
202 3293 309 3345 cauere,
328 3281 443 3347 poetico,
464 3282 482 3334 i.
501 3296 527 3336 e.
541 3281 689 3335 ardentiore
708 3287 735 3336 et
752 3283 853 3336 acriore
873 3280 960 3334 colore
980 3279 1017 3331 uti
1037 3225 1172 3333 deguisse.
1191 3273 1249 3327 Hoc

87 3355 177 3404 artem
195 3362 230 3402 eo
243 3349 327 3402 minus
345 3348 424 3403 debet
441 3349 556 3415 negligi,
592 3363 626 3402 uo
645 3350 727 3415 magis
746 3351 889 3416 conspicua
908 3351 948 3401 est
966 3348 992 3398 in
1010 3342 1165 3399 carminibus
1183 3341 1248 3397 Vir-

87 3416 144 3485 gilii
169 3428 226 3469 ars
269 3416 366 3469 critica.
383 3446 400 3459 -
418 3447 468 3461 -·
499 3363 611 3470 Acceffn
629 3431 662 3470 ex
680 3415 775 3470 eodem
796 3417 859 3468 artis
878 3414 949 3468 lonte
968 3413 1020 3471 alia
1038 3425 1126 3466 causa.
1163 3411 1248 3474 Quum

88 3484 158 3539 enim
176 3430 301 3561 Virgifius
325 3483 358 3536 ad
382 3481 514 3551 Theocriti
541 3481 737 3536 similitudinem
756 3497 785 3537 se
813 3495 940 3550 suamque
966 3487 1047 3536 artem
1067 3478 1248 3543 conlormaret,

88 3548 216 3606 horinon
235 3552 334 3618 potuit,
361 3551 423 3617 quin
442 3565 476 3605 ex
499 3550 561 3612 illo,
589 3564 656 3618 quae
687 3549 719 3602 ad
744 3563 818 3603 usum
837 3556 864 3605 et
881 3549 959 3604 linem
984 3546 1097 3602 eundem
1115 3546 1248 3614 pertinere

89 3618 269 3680 meminisset,
292 3622 428 3686 repeteret
453 3623 479 3672 et
498 3633 512 3674 e
531 3616 639 3687 Graecis
662 3616 752 3671 Latina
775 3617 908 3672 redderet.
943 3615 1055 3671 Maxime
1072 3626 1135 3667 vero
1155 3609 1246 3669 inlll.

89 3690 114 3739 et
130 3682 175 3739 xl.
195 3683 328 3739 Theocriti
355 3687 468 3739 carmine
496 3686 585 3739 inesse
611 3684 689 3752 vidit,
717 3685 811 3754 quibus
829 3700 878 3740 sua
902 3698 981 3738 sensa
1007 3681 1172 3747 exprimeret.
1192 3707 1247 3756 --3

89 3749 193 3809 beiude
225 3753 398 3807 nemetiam
423 3753 448 3803 in
473 3750 562 3807 lllllll.
588 3751 679 3820 idyllio
701 3784 718 3798 -
740 3785 757 3799 -
781 3754 893 3807 similem
920 3752 1060 3814 imaginem
1085 3743 1248 3813 deprehendi

91 3820 265 3877 intellexerat.
300 3817 339 3871 lix
358 3818 397 3871 his
417 3820 496 3885 igitur
512 3818 641 3888 quaedam
665 3820 807 3886 colligens,
833 3818 973 3872 maioribus
992 3816 1120 3869 illustrata
1140 3813 1248 3890 lumini-

91 3884 136 3941 bus
160 3887 292 3943 oratiouis
316 3899 364 3939 suo
387 3886 496 3941 inseruit
520 3888 636 3942 carmini.
672 3886 763 3955 ltaque
787 3892 867 3939 totum
892 3884 943 3937 huc
961 3895 1064 3936 carmen
1082 3883 1144 3935 artis
1162 3885 1249 3949 potrus

93 3960 129 4010 est
144 3955 295 4024 specimen,
313 3967 391 4021 quam
408 3956 502 4008 arnonis
524 3954 647 4022 impudici
666 3955 800 4009 ceresam
819 3949 1032 4008 documentum.“

570 4241 777 4253 n--——-

175 4256 186 4289 l
