2676 4950
118 305 164 352 m
467 288 666 351 PRAEFATIO
687 286 783 349 EDiT.
807 286 990 349 muratus,

119 445 307 512 carminibus
328 446 456 530 Virgilii,
476 464 568 527 qnam
588 447 649 510 iam
666 446 794 510 editioni
808 447 830 510 l.
845 446 1038 530 adiecturus
1050 446 1106 510 sed
1121 449 1287 527 quominus

23 542 28 552 ’
117 579 192 627 vere
214 561 388 645 adimerem,
410 563 504 643 spatii
524 562 596 626 mihi
617 563 764 626 concessi
789 563 927 626 terminis
949 561 1113 643 impeditus
1136 579 1230 645 eram,
1255 572 1305 628 et-

119 680 256 743 earmiua
275 679 394 759 Virgilii
406 679 526 742 minora
537 678 627 743 breui
640 678 841 741 adnotatione
853 677 1024 757 illustrata3
1044 684 1079 740 ut
1092 672 1182 742 'nune
1194 697 1286 759 quam

118 794 300 876 plenissima
326 794 477 858 habeatur
507 793 599 858 editio
620 795 720 858 minor
740 792 976 874 Virgiliauornm
1007 811 1150 877 operum,
1183 795 1285 882 qualis

118 909 220 975 adhue
235 911 273 974 ab
290 911 352 974 alio
369 911 489 974 nemine
504 910 536 971 in
549 909 649 974 lucem
668 911 783 974 emissa
796 902 855 973 es't.
876 909 964 973 Hane
983 911 1075 991 igitur
1090 911 1208 990 Virgilii
1223 914 1285 975 mei

117 1027 335 1108 repetitionem
356 1026 497 1090 Virorum
519 1024 680 1088 doctorum
703 1031 735 1089 et
754 1025 923 1089 iuuentutis
944 1025 1101 1090 literarum
1122 1027 1285 1092 studiosae

117 1139 329 1223 indulgentiae
351 1149 381 1206 et
403 1142 503 1204 favori
521 1142 632 1204 iterum
651 1141 824 1221 iterumque
835 1141 1283 1226 feommendo‚,humanissime

117 1268 252 1341 rogans,
280 1263 314 1321 ut
343 1274 422 1339 qnae
450 1258 613 1322 etiamnum
639 1256 671 1319 in
691 1260 730 1320 'ea
750 1256 801 1320 uel
827 1257 996 1321 desiderari
1017 1258 1067 1344 vel
1097 1259 1282 1339 reprehendi

117 1375 258 1456 possint,
286 1374 435 1453 temporis
464 1372 635 1453 angustiis,
667 1371 779 1452 quibus
807 1374 1058 1454 eireumsoriptus
1082 1391 1149 1438 eam
1172 1392 1281 1439 aurare

118 1496 249 1554 eoaetus
270 1506 349 1572 sum,
370 1489 522 1553 benevole
542 1487 720 1552 eondouare
740 1488 845 1563 uelint.
888 1489 1059 1554 Censorum
1082 1494 1183 1554 autem
1198 1508 1281 1571 quo-

116 1604 246 1669 rundam
266 1606 466 1687 iniquitatem,
488 1622 580 1685 quam
601 1605 633 1666 iu
653 1605 734 1668 hane
755 1606 884 1670 alteram
906 1604 1068 1669 editionem
1090 1622 1153 1668 non
1168 1607 1281 1688 minus,

56 1702 58 1707 ¹
117 1737 209 1802 quam
229 1722 260 1784 in
282 1722 425 1804 priorem,
445 1722 636 1785 invecturam
657 1737 730 1785 esse
751 1721 843 1785 iaeile
859 1720 1036 1815 praevideo,
1055 1721 1129 1783 nihil
1151 1723 1280 1804 onrado,

117 1836 195 1902 satis
208 1853 365 1920 superque
379 1837 562 1901 consolatos
578 1854 745 1918 aequorum
764 1826 898 1901 iudieum
916 1844 947 1902 et
964 1837 1128 1900 multorum
1142 1838 1279 1903 uirorum

117 1952 280 2018 doctorum
302 1970 437 2017 assensu
458 1959 489 2017 et
512 1953 777 2033 comprobatione.

200 2117 267 2180 Ser.
288 2115 412 2196 Lipsiae
431 2132 470 2177 m.
493 2115 570 2177 lulio
592 2131 619 2177 a.
642 2109 879 2180 MDCCCXLIV.
