<?xml version="1.0" encoding="UTF-8"?>
<!DOCTYPE html PUBLIC "-//W3C//DTD XHTML 1.0 Transitional//EN"
    "http://www.w3.org/TR/xhtml1/DTD/xhtml1-transitional.dtd">
<html xmlns="http://www.w3.org/1999/xhtml" xml:lang="en" lang="en">
 <head>
  <title>
</title>
<meta http-equiv="Content-Type" content="text/html;charset=utf-8" />
  <meta name='ocr-system' content='tesseract 3.04.00' />
  <meta name='ocr-capabilities' content='ocr_page ocr_carea ocr_par ocr_line ocrx_word'/>
</head>
<body>
  <div class='ocr_page' id='page_1' title='image "./pvergiliimaroni01forbgoog_0015.png"; bbox 0 0 2676 4950; ppageno 0'>
   <div class='ocr_carea' id='block_1_1' title="bbox 116 261 874 335">
    <p class='ocr_par' dir='ltr' id='par_1_1' title="bbox 116 261 874 335">
     <span class='ocr_line' id='line_1_1' title="bbox 116 261 874 335; baseline -0.004 -10"><span class='ocrx_word' id='word_1_1' title='bbox 116 286 174 335; x_wconf 72' lang='lat' dir='ltr'><strong>t·</strong></span> <span class='ocrx_word' id='word_1_2' title='bbox 355 294 361 307; x_wconf 91' lang='lat'><strong>·</strong></span> <span class='ocrx_word' id='word_1_3' title='bbox 507 261 716 325; x_wconf 75' lang='lat' dir='ltr'><strong>rhooaltitih</strong></span> <span class='ocrx_word' id='word_1_4' title='bbox 736 264 830 325; x_wconf 78' lang='lat' dir='ltr'><strong>uuir.</strong></span> <span class='ocrx_word' id='word_1_5' title='bbox 854 265 874 324; x_wconf 92' lang='grc' dir='ltr'><strong>Ι.</strong></span> 
     </span>
    </p>
   </div>
   <div class='ocr_carea' id='block_1_2' title="bbox 113 422 1275 1831">
    <p class='ocr_par' dir='ltr' id='par_1_2' title="bbox 113 422 1275 1831">
     <span class='ocr_line' id='line_1_2' title="bbox 119 422 1273 502; baseline 0.003 -15"><span class='ocrx_word' id='word_1_6' title='bbox 119 430 211 493; x_wconf 61' lang='lat' dir='ltr'><strong>mint</strong></span> <span class='ocrx_word' id='word_1_7' title='bbox 232 424 360 487; x_wconf 76' lang='lat' dir='ltr'><strong>doctiss.</strong></span> <span class='ocrx_word' id='word_1_8' title='bbox 374 422 557 502; x_wconf 69' lang='lat' dir='ltr'><strong>warnerus,</strong></span> <span class='ocrx_word' id='word_1_9' title='bbox 576 422 629 502; x_wconf 92' lang='lat' dir='ltr'><strong>qui</strong></span> <span class='ocrx_word' id='word_1_10' title='bbox 652 438 725 485; x_wconf 92' lang='lat' dir='ltr'><strong>seso</strong></span> <span class='ocrx_word' id='word_1_11' title='bbox 737 423 902 502; x_wconf 82' lang='lat' dir='ltr'><strong>protessus</strong></span> <span class='ocrx_word' id='word_1_12' title='bbox 925 430 974 487; x_wconf 91' lang='lat' dir='ltr'><strong>cst</strong></span> <span class='ocrx_word' id='word_1_13' title='bbox 996 425 1179 488; x_wconf 89' lang='lat' dir='ltr'><strong>emissurum</strong></span> <span class='ocrx_word' id='word_1_14' title='bbox 1201 443 1273 490; x_wconf 89' lang='lat' dir='ltr'><strong>osse</strong></span> 
     </span>
     <span class='ocr_line' id='line_1_3' title="bbox 118 502 1273 591; baseline 0.001 -16"><span class='ocrx_word' id='word_1_15' title='bbox 118 512 283 575; x_wconf 68' lang='lat' dir='ltr'><strong>eduum</strong></span> <span class='ocrx_word' id='word_1_16' title='bbox 310 504 445 587; x_wconf 76' lang='lat' dir='ltr'><strong>„t&#39;irqilii</strong></span> <span class='ocrx_word' id='word_1_17' title='bbox 466 502 601 583; x_wconf 85' lang='lat' dir='ltr'><strong>Operum</strong></span> <span class='ocrx_word' id='word_1_18' title='bbox 629 505 669 568; x_wconf 91' lang='lat' dir='ltr'><strong>ad</strong></span> <span class='ocrx_word' id='word_1_19' title='bbox 691 508 851 584; x_wconf 78' lang='lat' dir='ltr'><strong>pristinam</strong></span> <span class='ocrx_word' id='word_1_20' title='bbox 873 507 1140 591; x_wconf 75' lang='lat' dir='ltr'>orthographiam,</span> <span class='ocrx_word' id='word_1_21' title='bbox 1170 512 1273 590; x_wconf 92' lang='lat' dir='ltr'><strong>quoad</strong></span> 
     </span>
     <span class='ocr_line' id='line_1_4' title="bbox 117 588 1272 671; baseline 0 -14"><span class='ocrx_word' id='word_1_22' title='bbox 117 596 187 657; x_wconf 80' lang='lat' dir='ltr'><strong>rius</strong></span> <span class='ocrx_word' id='word_1_23' title='bbox 206 591 271 655; x_wconf 72' lang='lat' dir='ltr'><strong>beri</strong></span> <span class='ocrx_word' id='word_1_24' title='bbox 291 589 401 669; x_wconf 88' lang='lat' dir='ltr'><strong>possit,</strong></span> <span class='ocrx_word' id='word_1_25' title='bbox 423 588 674 670; x_wconf 83' lang='lat' dir='ltr'><strong>revocatorum,“</strong></span> <span class='ocrx_word' id='word_1_26' title='bbox 704 605 795 668; x_wconf 91' lang='lat' dir='ltr'><strong>quam</strong></span> <span class='ocrx_word' id='word_1_27' title='bbox 823 605 929 652; x_wconf 91' lang='lat' dir='ltr'><strong>omnes</strong></span> <span class='ocrx_word' id='word_1_28' title='bbox 951 592 1139 671; x_wconf 89' lang='lat' dir='ltr'><strong>antiquarum</strong></span> <span class='ocrx_word' id='word_1_29' title='bbox 1162 595 1272 659; x_wconf 91' lang='lat' dir='ltr'><strong>litera-</strong></span> 
     </span>
     <span class='ocr_line' id='line_1_5' title="bbox 117 671 1273 755; baseline 0.003 -16"><span class='ocrx_word' id='word_1_30' title='bbox 117 692 184 739; x_wconf 74' lang='lat' dir='ltr'><strong>run</strong></span> <span class='ocrx_word' id='word_1_31' title='bbox 205 671 335 737; x_wconf 74' lang='lat' dir='ltr'><strong>studiosi</strong></span> <span class='ocrx_word' id='word_1_32' title='bbox 360 686 479 732; x_wconf 89' lang='lat' dir='ltr'><strong>mecum</strong></span> <span class='ocrx_word' id='word_1_33' title='bbox 506 671 618 750; x_wconf 89' lang='lat' dir='ltr'><strong>cupido</strong></span> <span class='ocrx_word' id='word_1_34' title='bbox 645 677 836 751; x_wconf 76' lang='lat' dir='ltr'><strong>exspectant.</strong></span> <span class='ocrx_word' id='word_1_35' title='bbox 877 672 983 754; x_wconf 82' lang='lat' dir='ltr'><strong>Longe</strong></span> <span class='ocrx_word' id='word_1_36' title='bbox 1003 676 1127 755; x_wconf 82' lang='lat' dir='ltr'><strong>gravior</strong></span> <span class='ocrx_word' id='word_1_37' title='bbox 1149 695 1200 740; x_wconf 92' lang='lat' dir='ltr'><strong>res</strong></span> <span class='ocrx_word' id='word_1_38' title='bbox 1223 686 1273 742; x_wconf 91' lang='lat' dir='ltr'><strong>cst</strong></span> 
     </span>
     <span class='ocr_line' id='line_1_6' title="bbox 117 752 1273 838; baseline 0.003 -17"><span class='ocrx_word' id='word_1_39' title='bbox 117 760 202 821; x_wconf 83' lang='lat' dir='ltr'><strong>iustu</strong></span> <span class='ocrx_word' id='word_1_40' title='bbox 220 762 252 817; x_wconf 83' lang='lat' dir='ltr'><strong>ot</strong></span> <span class='ocrx_word' id='word_1_41' title='bbox 271 752 382 817; x_wconf 91' lang='lat' dir='ltr'><strong>idonea</strong></span> <span class='ocrx_word' id='word_1_42' title='bbox 404 753 570 819; x_wconf 80' lang='lat' dir='ltr'><strong>uerborum</strong></span> <span class='ocrx_word' id='word_1_43' title='bbox 590 753 759 834; x_wconf 91' lang='lat' dir='ltr'><strong>distinctio,</strong></span> <span class='ocrx_word' id='word_1_44' title='bbox 780 771 842 835; x_wconf 90' lang='lat' dir='ltr'><strong>qua</strong></span> <span class='ocrx_word' id='word_1_45' title='bbox 860 755 935 818; x_wconf 88' lang='lat' dir='ltr'><strong>nihil</strong></span> <span class='ocrx_word' id='word_1_46' title='bbox 955 758 1051 835; x_wconf 78' lang='lat' dir='ltr'><strong>magis</strong></span> <span class='ocrx_word' id='word_1_47' title='bbox 1073 757 1111 820; x_wconf 92' lang='lat' dir='ltr'><strong>ad</strong></span> <span class='ocrx_word' id='word_1_48' title='bbox 1130 761 1273 838; x_wconf 85' lang='lat' dir='ltr'><strong>singulos</strong></span> 
     </span>
     <span class='ocr_line' id='line_1_7' title="bbox 117 836 1271 919; baseline 0.002 -15"><span class='ocrx_word' id='word_1_49' title='bbox 117 840 302 919; x_wconf 77' lang='lat' dir='ltr'><strong>scriptorum</strong></span> <span class='ocrx_word' id='word_1_50' title='bbox 323 836 414 898; x_wconf 92' lang='lat' dir='ltr'><strong>locos</strong></span> <span class='ocrx_word' id='word_1_51' title='bbox 435 842 521 900; x_wconf 89' lang='lat' dir='ltr'><strong>recte</strong></span> <span class='ocrx_word' id='word_1_52' title='bbox 537 845 569 900; x_wconf 91' lang='lat' dir='ltr'><strong>et</strong></span> <span class='ocrx_word' id='word_1_53' title='bbox 582 836 674 901; x_wconf 88' lang='lat' dir='ltr'><strong>iacile</strong></span> <span class='ocrx_word' id='word_1_54' title='bbox 687 838 903 916; x_wconf 84' lang='lat' dir='ltr'><strong>intelligendos</strong></span> <span class='ocrx_word' id='word_1_55' title='bbox 917 842 1058 903; x_wconf 83' lang='lat' dir='ltr'><strong>conferre</strong></span> <span class='ocrx_word' id='word_1_56' title='bbox 1068 841 1147 904; x_wconf 93' lang='lat' dir='ltr'><strong>inter</strong></span> <span class='ocrx_word' id='word_1_57' title='bbox 1162 859 1271 906; x_wconf 91' lang='lat' dir='ltr'><strong>omnes</strong></span> 
     </span>
     <span class='ocr_line' id='line_1_8' title="bbox 117 918 1272 1003; baseline 0.002 -17"><span class='ocrx_word' id='word_1_58' title='bbox 117 927 251 986; x_wconf 88' lang='lat' dir='ltr'><strong>constat.</strong></span> <span class='ocrx_word' id='word_1_59' title='bbox 280 919 320 983; x_wconf 82' lang='lat' dir='ltr'><strong>Et</strong></span> <span class='ocrx_word' id='word_1_60' title='bbox 340 920 372 981; x_wconf 93' lang='lat' dir='ltr'><strong>in</strong></span> <span class='ocrx_word' id='word_1_61' title='bbox 393 919 453 982; x_wconf 92' lang='lat' dir='ltr'><strong>hac</strong></span> <span class='ocrx_word' id='word_1_62' title='bbox 472 918 593 999; x_wconf 89' lang='lat' dir='ltr'><strong>quidem</strong></span> <span class='ocrx_word' id='word_1_63' title='bbox 616 937 650 982; x_wconf 90' lang='lat' dir='ltr'><strong>re</strong></span> <span class='ocrx_word' id='word_1_64' title='bbox 672 935 741 1000; x_wconf 79' lang='lat' dir='ltr'><strong>ego,</strong></span> <span class='ocrx_word' id='word_1_65' title='bbox 764 937 825 983; x_wconf 93' lang='lat' dir='ltr'><strong>non</strong></span> <span class='ocrx_word' id='word_1_66' title='bbox 847 937 959 986; x_wconf 92' lang='lat' dir='ltr'><strong>curans</strong></span> <span class='ocrx_word' id='word_1_67' title='bbox 973 925 1108 1003; x_wconf 84' lang='lat' dir='ltr'><strong>priorum</strong></span> <span class='ocrx_word' id='word_1_68' title='bbox 1122 923 1272 988; x_wconf 89' lang='lat' dir='ltr'><strong>editorum</strong></span> 
     </span>
     <span class='ocr_line' id='line_1_9' title="bbox 116 1001 1271 1086; baseline 0.002 -17"><span class='ocrx_word' id='word_1_69' title='bbox 116 1006 277 1083; x_wconf 78' lang='lat' dir='ltr'><strong>rationem,</strong></span> <span class='ocrx_word' id='word_1_70' title='bbox 299 1018 379 1081; x_wconf 86' lang='lat' dir='ltr'><strong>quac</strong></span> <span class='ocrx_word' id='word_1_71' title='bbox 402 1001 581 1084; x_wconf 87' lang='lat' dir='ltr'><strong>plerumque</strong></span> <span class='ocrx_word' id='word_1_72' title='bbox 591 1003 687 1065; x_wconf 80' lang='lat' dir='ltr'><strong>norbo</strong></span> <span class='ocrx_word' id='word_1_73' title='bbox 703 1004 793 1066; x_wconf 92' lang='lat' dir='ltr'><strong>nimis</strong></span> <span class='ocrx_word' id='word_1_74' title='bbox 808 1004 911 1067; x_wconf 90' lang='lat' dir='ltr'><strong>multis</strong></span> <span class='ocrx_word' id='word_1_75' title='bbox 924 1006 1158 1086; x_wconf 78' lang='lat' dir='ltr'><strong>interpungendi</strong></span> <span class='ocrx_word' id='word_1_76' title='bbox 1174 1009 1271 1086; x_wconf 83' lang='lat' dir='ltr'><strong>signis</strong></span> 
     </span>
     <span class='ocr_line' id='line_1_10' title="bbox 118 1085 1273 1169; baseline 0.001 -19"><span class='ocrx_word' id='word_1_77' title='bbox 118 1092 235 1166; x_wconf 90' lang='lat' dir='ltr'><strong>onorat,</strong></span> <span class='ocrx_word' id='word_1_78' title='bbox 257 1092 288 1147; x_wconf 89' lang='lat' dir='ltr'><strong>ct</strong></span> <span class='ocrx_word' id='word_1_79' title='bbox 308 1087 353 1148; x_wconf 90' lang='lat' dir='ltr'><strong>ita</strong></span> <span class='ocrx_word' id='word_1_80' title='bbox 374 1085 501 1165; x_wconf 90' lang='lat' dir='ltr'><strong>impedit</strong></span> <span class='ocrx_word' id='word_1_81' title='bbox 520 1086 618 1164; x_wconf 81' lang='lat' dir='ltr'><strong>magis</strong></span> <span class='ocrx_word' id='word_1_82' title='bbox 641 1092 672 1148; x_wconf 90' lang='lat' dir='ltr'><strong>ot</strong></span> <span class='ocrx_word' id='word_1_83' title='bbox 692 1086 861 1169; x_wconf 89' lang='lat' dir='ltr'><strong>perturbat,</strong></span> <span class='ocrx_word' id='word_1_84' title='bbox 883 1104 973 1167; x_wconf 91' lang='lat' dir='ltr'><strong>qnam</strong></span> <span class='ocrx_word' id='word_1_85' title='bbox 995 1090 1079 1151; x_wconf 85' lang='lat' dir='ltr'><strong>iuvat</strong></span> <span class='ocrx_word' id='word_1_86' title='bbox 1101 1097 1130 1151; x_wconf 90' lang='lat' dir='ltr'><strong>et</strong></span> <span class='ocrx_word' id='word_1_87' title='bbox 1151 1090 1273 1152; x_wconf 84' lang='lat' dir='ltr'><strong>facilio-</strong></span> 
     </span>
     <span class='ocr_line' id='line_1_11' title="bbox 117 1167 1275 1252; baseline 0.002 -19"><span class='ocrx_word' id='word_1_88' title='bbox 117 1186 183 1233; x_wconf 84' lang='lat' dir='ltr'><strong>rem</strong></span> <span class='ocrx_word' id='word_1_89' title='bbox 203 1167 302 1231; x_wconf 90' lang='lat' dir='ltr'><strong>reddit</strong></span> <span class='ocrx_word' id='word_1_90' title='bbox 323 1167 499 1247; x_wconf 90' lang='lat' dir='ltr'><strong>lectionem,</strong></span> <span class='ocrx_word' id='word_1_91' title='bbox 519 1167 660 1247; x_wconf 76' lang='lat' dir='ltr'><strong>idemque</strong></span> <span class='ocrx_word' id='word_1_92' title='bbox 681 1168 851 1230; x_wconf 82' lang='lat' dir='ltr'><strong>abhorrens</strong></span> <span class='ocrx_word' id='word_1_93' title='bbox 873 1187 891 1232; x_wconf 93' lang='lat' dir='ltr'><strong>a</strong></span> <span class='ocrx_word' id='word_1_94' title='bbox 908 1173 1113 1234; x_wconf 86' lang='lat' dir='ltr'><strong>recentiorum</strong></span> <span class='ocrx_word' id='word_1_95' title='bbox 1135 1189 1275 1252; x_wconf 92' lang='lat' dir='ltr'><strong>quorun-</strong></span> 
     </span>
     <span class='ocr_line' id='line_1_12' title="bbox 116 1249 1274 1338; baseline 0.002 -22"><span class='ocrx_word' id='word_1_96' title='bbox 116 1251 186 1317; x_wconf 91' lang='lat' dir='ltr'><strong>dam</strong></span> <span class='ocrx_word' id='word_1_97' title='bbox 207 1252 317 1330; x_wconf 84' lang='lat' dir='ltr'><strong>nugis,</strong></span> <span class='ocrx_word' id='word_1_98' title='bbox 349 1250 401 1329; x_wconf 91' lang='lat' dir='ltr'><strong>qui</strong></span> <span class='ocrx_word' id='word_1_99' title='bbox 429 1266 536 1312; x_wconf 91' lang='lat' dir='ltr'><strong>omncs</strong></span> <span class='ocrx_word' id='word_1_100' title='bbox 569 1251 633 1312; x_wconf 86' lang='lat' dir='ltr'><strong>tere</strong></span> <span class='ocrx_word' id='word_1_101' title='bbox 654 1249 860 1328; x_wconf 82' lang='lat' dir='ltr'><strong>distinguendi</strong></span> <span class='ocrx_word' id='word_1_102' title='bbox 880 1258 972 1314; x_wconf 91' lang='lat' dir='ltr'><strong>notas</strong></span> <span class='ocrx_word' id='word_1_103' title='bbox 995 1254 1138 1316; x_wconf 85' lang='lat' dir='ltr'><strong>exsulare</strong></span> <span class='ocrx_word' id='word_1_104' title='bbox 1159 1256 1274 1338; x_wconf 89' lang='lat' dir='ltr'><strong>iubent,</strong></span> 
     </span>
     <span class='ocr_line' id='line_1_13' title="bbox 115 1330 1274 1420; baseline 0.001 -20"><span class='ocrx_word' id='word_1_105' title='bbox 115 1350 216 1400; x_wconf 88' lang='lat' dir='ltr'><strong>meam</strong></span> <span class='ocrx_word' id='word_1_106' title='bbox 235 1336 315 1396; x_wconf 88' lang='lat' dir='ltr'><strong>riam</strong></span> <span class='ocrx_word' id='word_1_107' title='bbox 336 1339 462 1396; x_wconf 89' lang='lat' dir='ltr'><strong>secutus</strong></span> <span class='ocrx_word' id='word_1_108' title='bbox 484 1349 567 1412; x_wconf 94' lang='lat' dir='ltr'><strong>sum,</strong></span> <span class='ocrx_word' id='word_1_109' title='bbox 593 1330 723 1394; x_wconf 89' lang='lat' dir='ltr'><strong>mediam</strong></span> <span class='ocrx_word' id='word_1_110' title='bbox 750 1330 834 1394; x_wconf 90' lang='lat' dir='ltr'><strong>illam</strong></span> <span class='ocrx_word' id='word_1_111' title='bbox 860 1334 1082 1396; x_wconf 85' lang='lat' dir='ltr'><strong>interminium</strong></span> <span class='ocrx_word' id='word_1_112' title='bbox 1106 1343 1136 1398; x_wconf 91' lang='lat' dir='ltr'><strong>et</strong></span> <span class='ocrx_word' id='word_1_113' title='bbox 1158 1355 1274 1420; x_wconf 92' lang='lat' dir='ltr'><strong>parum,</strong></span> 
     </span>
     <span class='ocr_line' id='line_1_14' title="bbox 116 1413 1275 1504; baseline 0.003 -25"><span class='ocrx_word' id='word_1_114' title='bbox 116 1434 179 1500; x_wconf 88' lang='lat' dir='ltr'><strong>qua</strong></span> <span class='ocrx_word' id='word_1_115' title='bbox 199 1432 264 1492; x_wconf 85' lang='lat' dir='ltr'><strong>uon</strong></span> <span class='ocrx_word' id='word_1_116' title='bbox 284 1414 446 1479; x_wconf 85' lang='lat' dir='ltr'><strong>admodum</strong></span> <span class='ocrx_word' id='word_1_117' title='bbox 467 1414 561 1477; x_wconf 94' lang='lat' dir='ltr'><strong>multa</strong></span> <span class='ocrx_word' id='word_1_118' title='bbox 574 1413 791 1495; x_wconf 73' lang='lat' dir='ltr'><strong>distinctione,</strong></span> <span class='ocrx_word' id='word_1_119' title='bbox 803 1413 858 1478; x_wconf 89' lang='lat' dir='ltr'><strong>sed</strong></span> <span class='ocrx_word' id='word_1_120' title='bbox 874 1423 945 1494; x_wconf 90' lang='lat' dir='ltr'><strong>apto</strong></span> <span class='ocrx_word' id='word_1_121' title='bbox 962 1416 1033 1478; x_wconf 93' lang='lat' dir='ltr'><strong>loco</strong></span> <span class='ocrx_word' id='word_1_122' title='bbox 1051 1418 1142 1499; x_wconf 88' lang='lat' dir='ltr'><strong>lacta,</strong></span> <span class='ocrx_word' id='word_1_123' title='bbox 1164 1420 1275 1504; x_wconf 85' lang='lat' dir='ltr'><strong>legen-</strong></span> 
     </span>
     <span class='ocr_line' id='line_1_15' title="bbox 116 1495 1274 1580; baseline 0.001 -16"><span class='ocrx_word' id='word_1_124' title='bbox 116 1501 200 1564; x_wconf 92' lang='lat' dir='ltr'><strong>tibus</strong></span> <span class='ocrx_word' id='word_1_125' title='bbox 223 1500 338 1580; x_wconf 91' lang='lat' dir='ltr'><strong>optimo</strong></span> <span class='ocrx_word' id='word_1_126' title='bbox 358 1495 532 1560; x_wconf 90' lang='lat' dir='ltr'><strong>consultum</strong></span> <span class='ocrx_word' id='word_1_127' title='bbox 548 1513 619 1559; x_wconf 89' lang='lat' dir='ltr'><strong>esse</strong></span> <span class='ocrx_word' id='word_1_128' title='bbox 644 1503 822 1561; x_wconf 85' lang='lat' dir='ltr'><strong>statuerem.</strong></span> <span class='ocrx_word' id='word_1_129' title='bbox 851 1496 1128 1579; x_wconf 86' lang='lat' dir='ltr'><strong>ludicemdenique</strong></span> <span class='ocrx_word' id='word_1_130' title='bbox 1150 1502 1274 1580; x_wconf 92' lang='lat' dir='ltr'><strong>plenum</strong></span> 
     </span>
     <span class='ocr_line' id='line_1_16' title="bbox 116 1579 1275 1663; baseline -0.001 -16"><span class='ocrx_word' id='word_1_131' title='bbox 116 1590 148 1648; x_wconf 90' lang='lat' dir='ltr'><strong>ot</strong></span> <span class='ocrx_word' id='word_1_132' title='bbox 168 1583 331 1663; x_wconf 91' lang='lat' dir='ltr'><strong>copiosum</strong></span> <span class='ocrx_word' id='word_1_133' title='bbox 352 1588 385 1642; x_wconf 95' lang='lat' dir='ltr'><strong>ut</strong></span> <span class='ocrx_word' id='word_1_134' title='bbox 406 1579 580 1659; x_wconf 90' lang='lat' dir='ltr'><strong>adiicerem,</strong></span> <span class='ocrx_word' id='word_1_135' title='bbox 602 1580 672 1658; x_wconf 91' lang='lat' dir='ltr'><strong>ipsa</strong></span> <span class='ocrx_word' id='word_1_136' title='bbox 693 1595 792 1642; x_wconf 92' lang='lat' dir='ltr'><strong>rerum</strong></span> <span class='ocrx_word' id='word_1_137' title='bbox 813 1579 845 1643; x_wconf 93' lang='lat' dir='ltr'><strong>in</strong></span> <span class='ocrx_word' id='word_1_138' title='bbox 870 1583 1088 1643; x_wconf 91' lang='lat' dir='ltr'><strong>commentario</strong></span> <span class='ocrx_word' id='word_1_139' title='bbox 1111 1586 1275 1662; x_wconf 85' lang='lat' dir='ltr'><strong>exposita-</strong></span> 
     </span>
     <span class='ocr_line' id='line_1_17' title="bbox 116 1661 1271 1746; baseline -0.002 -16"><span class='ocrx_word' id='word_1_140' title='bbox 116 1682 184 1731; x_wconf 86' lang='lat' dir='ltr'><strong>rum</strong></span> <span class='ocrx_word' id='word_1_141' title='bbox 206 1666 298 1746; x_wconf 90' lang='lat' dir='ltr'><strong>copia</strong></span> <span class='ocrx_word' id='word_1_142' title='bbox 318 1663 486 1741; x_wconf 76' lang='lat' dir='ltr'><strong>efflagitare</strong></span> <span class='ocrx_word' id='word_1_143' title='bbox 507 1661 684 1741; x_wconf 70' lang='lat' dir='ltr'><strong>videbatur,</strong></span> <span class='ocrx_word' id='word_1_144' title='bbox 713 1662 861 1741; x_wconf 85' lang='lat' dir='ltr'><strong>imprimis</strong></span> <span class='ocrx_word' id='word_1_145' title='bbox 910 1679 979 1725; x_wconf 92' lang='lat' dir='ltr'><strong>uum</strong></span> <span class='ocrx_word' id='word_1_146' title='bbox 1000 1665 1105 1742; x_wconf 84' lang='lat' dir='ltr'><strong>negari</strong></span> <span class='ocrx_word' id='word_1_147' title='bbox 1128 1674 1271 1745; x_wconf 77' lang='lat' dir='ltr'><strong>nequeat,</strong></span> 
     </span>
     <span class='ocr_line' id='line_1_18' title="bbox 113 1745 1274 1831; baseline -0.001 -19"><span class='ocrx_word' id='word_1_148' title='bbox 113 1748 252 1831; x_wconf 90' lang='lat' dir='ltr'><strong>ipsarum</strong></span> <span class='ocrx_word' id='word_1_149' title='bbox 282 1745 511 1809; x_wconf 86' lang='lat' dir='ltr'><strong>adnotationum</strong></span> <span class='ocrx_word' id='word_1_150' title='bbox 540 1745 804 1808; x_wconf 88' lang='lat' dir='ltr'><strong>constructionem</strong></span> <span class='ocrx_word' id='word_1_151' title='bbox 839 1752 870 1808; x_wconf 90' lang='lat' dir='ltr'><strong>ot</strong></span> <span class='ocrx_word' id='word_1_152' title='bbox 920 1747 1132 1825; x_wconf 83' lang='lat' dir='ltr'><strong>&#39;spositionem</strong></span> <span class='ocrx_word' id='word_1_153' title='bbox 1159 1748 1274 1812; x_wconf 91' lang='lat' dir='ltr'><strong>habere</strong></span> 
     </span>
    </p>
   </div>
   <div class='ocr_carea' id='block_1_3' title="bbox 20 1825 1274 1913">
    <p class='ocr_par' dir='ltr' id='par_1_3' title="bbox 20 1825 1274 1913">
     <span class='ocr_line' id='line_1_19' title="bbox 20 1825 1274 1913; baseline -0.001 -18"><span class='ocrx_word' id='word_1_154' title='bbox 20 1904 26 1913; x_wconf 49' lang='grc'>,</span> <span class='ocrx_word' id='word_1_155' title='bbox 114 1830 276 1912; x_wconf 86' lang='lat' dir='ltr'><strong>interdum,</strong></span> <span class='ocrx_word' id='word_1_156' title='bbox 297 1844 378 1909; x_wconf 88' lang='lat' dir='ltr'><strong>quae</strong></span> <span class='ocrx_word' id='word_1_157' title='bbox 397 1828 465 1890; x_wconf 90' lang='lat' dir='ltr'><strong>iuro</strong></span> <span class='ocrx_word' id='word_1_158' title='bbox 480 1828 604 1907; x_wconf 90' lang='lat' dir='ltr'><strong>possint</strong></span> <span class='ocrx_word' id='word_1_159' title='bbox 618 1825 810 1908; x_wconf 83' lang='lat' dir='ltr'><strong>reprehendi.</strong></span> <span class='ocrx_word' id='word_1_160' title='bbox 853 1827 1022 1891; x_wconf 87' lang='lat' dir='ltr'><strong>Dolendum</strong></span> <span class='ocrx_word' id='word_1_161' title='bbox 1037 1835 1085 1891; x_wconf 86' lang='lat' dir='ltr'><strong>ost</strong></span> <span class='ocrx_word' id='word_1_162' title='bbox 1100 1830 1188 1911; x_wconf 90' lang='lat' dir='ltr'><strong>enirn,</strong></span> <span class='ocrx_word' id='word_1_163' title='bbox 1209 1847 1274 1894; x_wconf 93' lang='lat' dir='ltr'><strong>non</strong></span> 
     </span>
    </p>
   </div>
   <div class='ocr_carea' id='block_1_4' title="bbox 114 1910 1276 2986">
    <p class='ocr_par' dir='ltr' id='par_1_4' title="bbox 114 1910 1276 2986">
     <span class='ocr_line' id='line_1_20' title="bbox 116 1910 1275 1992; baseline -0.001 -14"><span class='ocrx_word' id='word_1_164' title='bbox 116 1920 216 1978; x_wconf 90' lang='lat' dir='ltr'><strong>tutum</strong></span> <span class='ocrx_word' id='word_1_165' title='bbox 237 1910 486 1975; x_wconf 91' lang='lat' dir='ltr'><strong>commentarium</strong></span> <span class='ocrx_word' id='word_1_166' title='bbox 508 1911 735 1974; x_wconf 87' lang='lat' dir='ltr'><strong>conscribendo</strong></span> <span class='ocrx_word' id='word_1_167' title='bbox 759 1911 926 1976; x_wconf 85' lang='lat' dir='ltr'><strong>absolvere</strong></span> <span class='ocrx_word' id='word_1_168' title='bbox 956 1920 986 1975; x_wconf 89' lang='lat' dir='ltr'><strong>ot</strong></span> <span class='ocrx_word' id='word_1_169' title='bbox 1015 1919 1087 1992; x_wconf 91' lang='lat' dir='ltr'><strong>apte</strong></span> <span class='ocrx_word' id='word_1_170' title='bbox 1109 1910 1275 1992; x_wconf 84' lang='lat' dir='ltr'><strong>disponere</strong></span> 
     </span>
     <span class='ocr_line' id='line_1_21' title="bbox 114 1994 1275 2075; baseline -0.002 -16"><span class='ocrx_word' id='word_1_171' title='bbox 114 1996 189 2061; x_wconf 90' lang='lat' dir='ltr'><strong>mihi</strong></span> <span class='ocrx_word' id='word_1_172' title='bbox 218 1996 361 2075; x_wconf 84' lang='lat' dir='ltr'><strong>licuisse,</strong></span> <span class='ocrx_word' id='word_1_173' title='bbox 396 1994 575 2073; x_wconf 90' lang='lat' dir='ltr'><strong>priusquam</strong></span> <span class='ocrx_word' id='word_1_174' title='bbox 604 1994 654 2057; x_wconf 90' lang='lat' dir='ltr'><strong>vel</strong></span> <span class='ocrx_word' id='word_1_175' title='bbox 681 1995 798 2075; x_wconf 90' lang='lat' dir='ltr'><strong>primae</strong></span> <span class='ocrx_word' id='word_1_176' title='bbox 827 1995 894 2057; x_wconf 81' lang='lat' dir='ltr'><strong>eius</strong></span> <span class='ocrx_word' id='word_1_177' title='bbox 921 1994 1063 2074; x_wconf 84' lang='lat' dir='ltr'><strong>plagulae</strong></span> <span class='ocrx_word' id='word_1_178' title='bbox 1089 1996 1275 2074; x_wconf 81' lang='lat' dir='ltr'><strong>typographi</strong></span> 
     </span>
     <span class='ocr_line' id='line_1_22' title="bbox 117 2075 1274 2162; baseline -0.001 -21"><span class='ocrx_word' id='word_1_179' title='bbox 117 2078 205 2162; x_wconf 90' lang='lat' dir='ltr'><strong>prelo</strong></span> <span class='ocrx_word' id='word_1_180' title='bbox 228 2075 438 2153; x_wconf 83' lang='lat' dir='ltr'><strong>traderentur3</strong></span> <span class='ocrx_word' id='word_1_181' title='bbox 461 2092 522 2155; x_wconf 93' lang='lat' dir='ltr'><strong>quo</strong></span> <span class='ocrx_word' id='word_1_182' title='bbox 546 2077 659 2138; x_wconf 87' lang='lat' dir='ltr'><strong>tactum</strong></span> <span class='ocrx_word' id='word_1_183' title='bbox 682 2084 739 2157; x_wconf 90' lang='lat' dir='ltr'><strong>est,</strong></span> <span class='ocrx_word' id='word_1_184' title='bbox 758 2082 791 2138; x_wconf 91' lang='lat' dir='ltr'><strong>ut</strong></span> <span class='ocrx_word' id='word_1_185' title='bbox 813 2077 923 2155; x_wconf 90' lang='lat' dir='ltr'><strong>partim</strong></span> <span class='ocrx_word' id='word_1_186' title='bbox 946 2075 1096 2137; x_wconf 87' lang='lat' dir='ltr'><strong>derebus</strong></span> <span class='ocrx_word' id='word_1_187' title='bbox 1118 2076 1274 2140; x_wconf 91' lang='lat' dir='ltr'><strong>nonnullis</strong></span> 
     </span>
     <span class='ocr_line' id='line_1_23' title="bbox 115 2155 1276 2242; baseline -0.003 -17"><span class='ocrx_word' id='word_1_188' title='bbox 115 2177 180 2226; x_wconf 88' lang='lat' dir='ltr'><strong>nou</strong></span> <span class='ocrx_word' id='word_1_189' title='bbox 206 2161 305 2242; x_wconf 89' lang='lat' dir='ltr'><strong>prima</strong></span> <span class='ocrx_word' id='word_1_190' title='bbox 331 2159 498 2221; x_wconf 88' lang='lat' dir='ltr'><strong>occasione</strong></span> <span class='ocrx_word' id='word_1_191' title='bbox 521 2158 642 2239; x_wconf 91' lang='lat' dir='ltr'><strong>oblata,</strong></span> <span class='ocrx_word' id='word_1_192' title='bbox 671 2158 727 2221; x_wconf 91' lang='lat' dir='ltr'><strong>sed</strong></span> <span class='ocrx_word' id='word_1_193' title='bbox 748 2164 860 2236; x_wconf 89' lang='lat' dir='ltr'><strong>postea</strong></span> <span class='ocrx_word' id='word_1_194' title='bbox 883 2157 1016 2236; x_wconf 91' lang='lat' dir='ltr'><strong>demum,</strong></span> <span class='ocrx_word' id='word_1_195' title='bbox 1045 2155 1150 2218; x_wconf 89' lang='lat' dir='ltr'><strong>eadem</strong></span> <span class='ocrx_word' id='word_1_196' title='bbox 1178 2174 1276 2222; x_wconf 90' lang='lat' dir='ltr'><strong>eausa</strong></span> 
     </span>
     <span class='ocr_line' id='line_1_24' title="bbox 115 2237 1275 2325; baseline -0.004 -17"><span class='ocrx_word' id='word_1_197' title='bbox 115 2244 281 2325; x_wconf 76' lang='lat' dir='ltr'><strong>indemnia,</strong></span> <span class='ocrx_word' id='word_1_198' title='bbox 308 2248 466 2323; x_wconf 78' lang='lat' dir='ltr'><strong>ageretur,</strong></span> <span class='ocrx_word' id='word_1_199' title='bbox 499 2241 610 2319; x_wconf 86' lang='lat' dir='ltr'><strong>partim</strong></span> <span class='ocrx_word' id='word_1_200' title='bbox 641 2256 692 2302; x_wconf 93' lang='lat' dir='ltr'><strong>res</strong></span> <span class='ocrx_word' id='word_1_201' title='bbox 721 2237 869 2319; x_wconf 87' lang='lat' dir='ltr'><strong>quaedam</strong></span> <span class='ocrx_word' id='word_1_202' title='bbox 897 2239 927 2300; x_wconf 95' lang='lat' dir='ltr'><strong>in</strong></span> <span class='ocrx_word' id='word_1_203' title='bbox 950 2237 1081 2317; x_wconf 87' lang='lat' dir='ltr'><strong>plagulis</strong></span> <span class='ocrx_word' id='word_1_204' title='bbox 1111 2239 1193 2318; x_wconf 78' lang='lat' dir='ltr'><strong>typis</strong></span> <span class='ocrx_word' id='word_1_205' title='bbox 1213 2241 1275 2304; x_wconf 90' lang='lat' dir='ltr'><strong>iarn</strong></span> 
     </span>
     <span class='ocr_line' id='line_1_25' title="bbox 116 2319 1276 2408; baseline -0.012 -16"><span class='ocrx_word' id='word_1_206' title='bbox 116 2326 283 2408; x_wconf 86' lang='lat' dir='ltr'><strong>descriptis</strong></span> <span class='ocrx_word' id='word_1_207' title='bbox 305 2324 470 2405; x_wconf 75' lang='lat' dir='ltr'><strong>explicitae</strong></span> <span class='ocrx_word' id='word_1_208' title='bbox 491 2322 737 2402; x_wconf 88' lang='lat' dir='ltr'><strong>insequentibus</strong></span> <span class='ocrx_word' id='word_1_209' title='bbox 759 2319 980 2400; x_wconf 88' lang='lat' dir='ltr'><strong>retractandae,</strong></span> <span class='ocrx_word' id='word_1_210' title='bbox 996 2320 1197 2402; x_wconf 88' lang='lat' dir='ltr'><strong>supplendae,</strong></span> <span class='ocrx_word' id='word_1_211' title='bbox 1220 2339 1276 2384; x_wconf 92' lang='lat' dir='ltr'><strong>ac.</strong></span> 
     </span>
     <span class='ocr_line' id='line_1_26' title="bbox 117 2403 1276 2485; baseline -0.005 -12"><span class='ocrx_word' id='word_1_212' title='bbox 117 2410 253 2474; x_wconf 89' lang='lat' dir='ltr'><strong>curatius</strong></span> <span class='ocrx_word' id='word_1_213' title='bbox 275 2405 463 2471; x_wconf 89' lang='lat' dir='ltr'><strong>debnieudao</strong></span> <span class='ocrx_word' id='word_1_214' title='bbox 485 2413 607 2485; x_wconf 87' lang='lat' dir='ltr'><strong>essent,</strong></span> <span class='ocrx_word' id='word_1_215' title='bbox 630 2403 761 2484; x_wconf 89' lang='lat' dir='ltr'><strong>deniquo</strong></span> <span class='ocrx_word' id='word_1_216' title='bbox 782 2408 815 2468; x_wconf 92' lang='lat' dir='ltr'><strong>ut</strong></span> <span class='ocrx_word' id='word_1_217' title='bbox 838 2409 921 2467; x_wconf 89' lang='lat' dir='ltr'><strong>totus</strong></span> <span class='ocrx_word' id='word_1_218' title='bbox 945 2405 1182 2467; x_wconf 89' lang='lat' dir='ltr'><strong>commentarius</strong></span> <span class='ocrx_word' id='word_1_219' title='bbox 1204 2406 1276 2467; x_wconf 91' lang='lat' dir='ltr'><strong>vul-</strong></span> 
     </span>
     <span class='ocr_line' id='line_1_27' title="bbox 116 2485 1275 2573; baseline -0.003 -19"><span class='ocrx_word' id='word_1_220' title='bbox 116 2492 242 2573; x_wconf 82' lang='lat' dir='ltr'><strong>garibus</strong></span> <span class='ocrx_word' id='word_1_221' title='bbox 264 2507 370 2554; x_wconf 92' lang='lat' dir='ltr'><strong>eorum</strong></span> <span class='ocrx_word' id='word_1_222' title='bbox 391 2488 538 2554; x_wconf 91' lang='lat' dir='ltr'><strong>librorum</strong></span> <span class='ocrx_word' id='word_1_223' title='bbox 561 2488 659 2568; x_wconf 87' lang='lat' dir='ltr'><strong>vitiis,</strong></span> <span class='ocrx_word' id='word_1_224' title='bbox 680 2487 713 2553; x_wconf 86' lang='lat' dir='ltr'><strong>in</strong></span> <span class='ocrx_word' id='word_1_225' title='bbox 735 2487 846 2567; x_wconf 90' lang='lat' dir='ltr'><strong>quibus</strong></span> <span class='ocrx_word' id='word_1_226' title='bbox 869 2485 1067 2553; x_wconf 84' lang='lat' dir='ltr'><strong>conficiendis</strong></span> <span class='ocrx_word' id='word_1_227' title='bbox 1090 2488 1223 2566; x_wconf 90' lang='lat' dir='ltr'><strong>scriptor</strong></span> <span class='ocrx_word' id='word_1_228' title='bbox 1246 2496 1275 2551; x_wconf 90' lang='lat' dir='ltr'><strong>et</strong></span> 
     </span>
     <span class='ocr_line' id='line_1_28' title="bbox 118 2569 1274 2657; baseline -0.004 -18"><span class='ocrx_word' id='word_1_229' title='bbox 118 2575 381 2657; x_wconf 75' lang='lat' dir='ltr'><strong>typothetarum</strong></span> <span class='ocrx_word' id='word_1_230' title='bbox 405 2570 573 2649; x_wconf 87' lang='lat' dir='ltr'><strong>eodemque</strong></span> <span class='ocrx_word' id='word_1_231' title='bbox 601 2577 739 2649; x_wconf 90' lang='lat' dir='ltr'><strong>tempore</strong></span> <span class='ocrx_word' id='word_1_232' title='bbox 772 2569 914 2648; x_wconf 91' lang='lat' dir='ltr'><strong>occupati</strong></span> <span class='ocrx_word' id='word_1_233' title='bbox 938 2576 1024 2648; x_wconf 88' lang='lat' dir='ltr'><strong>suut,</strong></span> <span class='ocrx_word' id='word_1_234' title='bbox 1054 2585 1116 2633; x_wconf 87' lang='lat' dir='ltr'><strong>nou</strong></span> <span class='ocrx_word' id='word_1_235' title='bbox 1144 2587 1274 2651; x_wconf 89' lang='lat' dir='ltr'><strong>prorsus</strong></span> 
     </span>
     <span class='ocr_line' id='line_1_29' title="bbox 117 2650 1275 2731; baseline -0.003 -10"><span class='ocrx_word' id='word_1_236' title='bbox 117 2674 229 2721; x_wconf 82' lang='lat' dir='ltr'><strong>vocare</strong></span> <span class='ocrx_word' id='word_1_237' title='bbox 249 2653 429 2719; x_wconf 89' lang='lat' dir='ltr'><strong>iudicandus</strong></span> <span class='ocrx_word' id='word_1_238' title='bbox 451 2653 501 2716; x_wconf 85' lang='lat' dir='ltr'><strong>sit.</strong></span> <span class='ocrx_word' id='word_1_239' title='bbox 544 2651 630 2715; x_wconf 92' lang='lat' dir='ltr'><strong>Unde</strong></span> <span class='ocrx_word' id='word_1_240' title='bbox 657 2653 748 2717; x_wconf 89' lang='lat' dir='ltr'><strong>etiam</strong></span> <span class='ocrx_word' id='word_1_241' title='bbox 778 2651 838 2713; x_wconf 90' lang='lat' dir='ltr'><strong>hoc</strong></span> <span class='ocrx_word' id='word_1_242' title='bbox 866 2650 1081 2731; x_wconf 89' lang='lat' dir='ltr'><strong>repetendum,</strong></span> <span class='ocrx_word' id='word_1_243' title='bbox 1111 2652 1275 2730; x_wconf 90' lang='lat' dir='ltr'><strong>quodiam</strong></span> 
     </span>
     <span class='ocr_line' id='line_1_30' title="bbox 117 2733 1275 2822; baseline -0.006 -15"><span class='ocrx_word' id='word_1_244' title='bbox 117 2757 207 2822; x_wconf 86' lang='lat' dir='ltr'><strong>nunc,</strong></span> <span class='ocrx_word' id='word_1_245' title='bbox 227 2745 294 2803; x_wconf 93' lang='lat' dir='ltr'><strong>toto</strong></span> <span class='ocrx_word' id='word_1_246' title='bbox 321 2753 414 2818; x_wconf 89' lang='lat' dir='ltr'><strong>opere</strong></span> <span class='ocrx_word' id='word_1_247' title='bbox 436 2735 591 2816; x_wconf 92' lang='lat' dir='ltr'><strong>absoluto,</strong></span> <span class='ocrx_word' id='word_1_248' title='bbox 613 2741 646 2796; x_wconf 95' lang='lat' dir='ltr'><strong>ut</strong></span> <span class='ocrx_word' id='word_1_249' title='bbox 667 2733 814 2814; x_wconf 91' lang='lat' dir='ltr'><strong>quaedam</strong></span> <span class='ocrx_word' id='word_1_250' title='bbox 828 2733 1013 2812; x_wconf 89' lang='lat' dir='ltr'><strong>resecanda,</strong></span> <span class='ocrx_word' id='word_1_251' title='bbox 1035 2734 1078 2794; x_wconf 91' lang='lat' dir='ltr'><strong>ita</strong></span> <span class='ocrx_word' id='word_1_252' title='bbox 1100 2734 1160 2805; x_wconf 89' lang='lat' dir='ltr'><strong>alia</strong></span> <span class='ocrx_word' id='word_1_253' title='bbox 1184 2738 1275 2800; x_wconf 88' lang='lat' dir='ltr'><strong>etiam</strong></span> 
     </span>
     <span class='ocr_line' id='line_1_31' title="bbox 117 2815 1274 2902; baseline -0.006 -16"><span class='ocrx_word' id='word_1_254' title='bbox 117 2822 256 2890; x_wconf 89' lang='lat' dir='ltr'><strong>addenda</strong></span> <span class='ocrx_word' id='word_1_255' title='bbox 285 2821 382 2886; x_wconf 89' lang='lat' dir='ltr'><strong>luisse</strong></span> <span class='ocrx_word' id='word_1_256' title='bbox 408 2818 560 2897; x_wconf 79' lang='lat' dir='ltr'><strong>intelleni3</strong></span> <span class='ocrx_word' id='word_1_257' title='bbox 590 2833 669 2902; x_wconf 87' lang='lat' dir='ltr'><strong>quae</strong></span> <span class='ocrx_word' id='word_1_258' title='bbox 699 2818 859 2885; x_wconf 75' lang='lat' dir='ltr'><strong>marinam</strong></span> <span class='ocrx_word' id='word_1_259' title='bbox 881 2823 1000 2897; x_wconf 88' lang='lat' dir='ltr'><strong>partem</strong></span> <span class='ocrx_word' id='word_1_260' title='bbox 1022 2815 1092 2881; x_wconf 89' lang='lat' dir='ltr'><strong>huic</strong></span> <span class='ocrx_word' id='word_1_261' title='bbox 1113 2820 1274 2896; x_wconf 89' lang='lat' dir='ltr'><strong>prooemio</strong></span> 
     </span>
     <span class='ocr_line' id='line_1_32' title="bbox 117 2900 465 2986; baseline -0.029 -15"><span class='ocrx_word' id='word_1_262' title='bbox 117 2903 331 2986; x_wconf 85' lang='lat' dir='ltr'><strong>subiungenda</strong></span> <span class='ocrx_word' id='word_1_263' title='bbox 352 2900 465 2965; x_wconf 84' lang='lat' dir='ltr'><strong>curavi.</strong></span> 
     </span>
    </p>
   </div>
   <div class='ocr_carea' id='block_1_5' title="bbox 117 2996 1329 4083">
    <p class='ocr_par' dir='ltr' id='par_1_5' title="bbox 117 2996 1329 4083">
     <span class='ocr_line' id='line_1_33' title="bbox 200 2996 1275 3080; baseline -0.006 -12"><span class='ocrx_word' id='word_1_264' title='bbox 200 3004 263 3068; x_wconf 90' lang='lat' dir='ltr'><strong>lam</strong></span> <span class='ocrx_word' id='word_1_265' title='bbox 286 3003 311 3065; x_wconf 92' lang='lat' dir='ltr'><strong>si</strong></span> <span class='ocrx_word' id='word_1_266' title='bbox 334 2999 504 3080; x_wconf 89' lang='lat' dir='ltr'><strong>quaeritur,</strong></span> <span class='ocrx_word' id='word_1_267' title='bbox 532 2998 564 3061; x_wconf 94' lang='lat' dir='ltr'><strong>in</strong></span> <span class='ocrx_word' id='word_1_268' title='bbox 587 3016 716 3079; x_wconf 91' lang='lat' dir='ltr'><strong>quorum</strong></span> <span class='ocrx_word' id='word_1_269' title='bbox 744 3000 875 3063; x_wconf 86' lang='lat' dir='ltr'><strong>manime</strong></span> <span class='ocrx_word' id='word_1_270' title='bbox 897 2996 1088 3061; x_wconf 90' lang='lat' dir='ltr'><strong>commodum</strong></span> <span class='ocrx_word' id='word_1_271' title='bbox 1112 2998 1275 3062; x_wconf 89' lang='lat' dir='ltr'><strong>editionem</strong></span> 
     </span>
     <span class='ocr_line' id='line_1_34' title="bbox 117 3080 1276 3161; baseline -0.009 -8"><span class='ocrx_word' id='word_1_272' title='bbox 117 3104 216 3153; x_wconf 88' lang='lat' dir='ltr'><strong>meam</strong></span> <span class='ocrx_word' id='word_1_273' title='bbox 230 3083 524 3160; x_wconf 88' lang='lat' dir='ltr'><strong>adornaverim,eam</strong></span> <span class='ocrx_word' id='word_1_274' title='bbox 538 3082 714 3144; x_wconf 90' lang='lat' dir='ltr'><strong>scholarum</strong></span> <span class='ocrx_word' id='word_1_275' title='bbox 728 3082 916 3161; x_wconf 88' lang='lat' dir='ltr'><strong>publicarum</strong></span> <span class='ocrx_word' id='word_1_276' title='bbox 931 3083 1000 3143; x_wconf 94' lang='lat' dir='ltr'><strong>usui</strong></span> <span class='ocrx_word' id='word_1_277' title='bbox 1015 3098 1077 3144; x_wconf 90' lang='lat' dir='ltr'><strong>non</strong></span> <span class='ocrx_word' id='word_1_278' title='bbox 1090 3099 1161 3144; x_wconf 90' lang='lat' dir='ltr'><strong>esse</strong></span> <span class='ocrx_word' id='word_1_279' title='bbox 1175 3080 1276 3144; x_wconf 82' lang='lat' dir='ltr'><strong>desti-</strong></span> 
     </span>
     <span class='ocr_line' id='line_1_35' title="bbox 117 3163 1274 3251; baseline -0.007 -17"><span class='ocrx_word' id='word_1_280' title='bbox 117 3178 237 3251; x_wconf 92' lang='lat' dir='ltr'><strong>natam,</strong></span> <span class='ocrx_word' id='word_1_281' title='bbox 265 3166 314 3230; x_wconf 90' lang='lat' dir='ltr'><strong>vel</strong></span> <span class='ocrx_word' id='word_1_282' title='bbox 344 3181 383 3228; x_wconf 78' lang='lat' dir='ltr'><strong>ex</strong></span> <span class='ocrx_word' id='word_1_283' title='bbox 403 3164 440 3226; x_wconf 91' lang='lat' dir='ltr'><strong>iis</strong></span> <span class='ocrx_word' id='word_1_284' title='bbox 466 3164 556 3225; x_wconf 84' lang='lat' dir='ltr'><strong>tacite</strong></span> <span class='ocrx_word' id='word_1_285' title='bbox 583 3165 759 3244; x_wconf 88' lang='lat' dir='ltr'><strong>apparebit,</strong></span> <span class='ocrx_word' id='word_1_286' title='bbox 793 3182 872 3244; x_wconf 89' lang='lat' dir='ltr'><strong>quae</strong></span> <span class='ocrx_word' id='word_1_287' title='bbox 901 3163 1172 3240; x_wconf 89' lang='lat' dir='ltr'><strong>modo-disputata</strong></span> <span class='ocrx_word' id='word_1_288' title='bbox 1194 3172 1274 3227; x_wconf 90' lang='lat' dir='ltr'><strong>sunt.</strong></span> 
     </span>
     <span class='ocr_line' id='line_1_36' title="bbox 119 3244 1276 3333; baseline -0.011 -14"><span class='ocrx_word' id='word_1_289' title='bbox 119 3252 352 3333; x_wconf 79' lang='lat' dir='ltr'><strong>Gymnasiorum</strong></span> <span class='ocrx_word' id='word_1_290' title='bbox 380 3247 459 3310; x_wconf 90' lang='lat' dir='ltr'><strong>cuim</strong></span> <span class='ocrx_word' id='word_1_291' title='bbox 487 3244 648 3324; x_wconf 89' lang='lat' dir='ltr'><strong>discipulis</strong></span> <span class='ocrx_word' id='word_1_292' title='bbox 677 3253 727 3307; x_wconf 91' lang='lat' dir='ltr'><strong>aut</strong></span> <span class='ocrx_word' id='word_1_293' title='bbox 760 3246 911 3307; x_wconf 90' lang='lat' dir='ltr'><strong>editiones</strong></span> <span class='ocrx_word' id='word_1_294' title='bbox 939 3244 1104 3307; x_wconf 88' lang='lat' dir='ltr'><strong>tradendae</strong></span> <span class='ocrx_word' id='word_1_295' title='bbox 1126 3250 1197 3304; x_wconf 89' lang='lat' dir='ltr'><strong>sunt</strong></span> <span class='ocrx_word' id='word_1_296' title='bbox 1226 3244 1276 3306; x_wconf 90' lang='lat' dir='ltr'><strong>vol</strong></span> 
     </span>
     <span class='ocr_line' id='line_1_37' title="bbox 119 3325 1329 3412; baseline -0.012 -12"><span class='ocrx_word' id='word_1_297' title='bbox 119 3330 395 3412; x_wconf 88' lang='lat' dir='ltr'><strong>commendandae,</strong></span> <span class='ocrx_word' id='word_1_298' title='bbox 422 3344 518 3408; x_wconf 92' lang='lat' dir='ltr'><strong>quae,</strong></span> <span class='ocrx_word' id='word_1_299' title='bbox 547 3327 637 3389; x_wconf 90' lang='lat' dir='ltr'><strong>nullis</strong></span> <span class='ocrx_word' id='word_1_300' title='bbox 666 3342 796 3406; x_wconf 90' lang='lat' dir='ltr'><strong>prorsus</strong></span> <span class='ocrx_word' id='word_1_301' title='bbox 819 3325 1071 3388; x_wconf 87' lang='lat' dir='ltr'><strong>adnotationibus</strong></span> <span class='ocrx_word' id='word_1_302' title='bbox 1093 3325 1265 3388; x_wconf 89' lang='lat' dir='ltr'><strong>instructae</strong></span> <span class='ocrx_word' id='word_1_303' title='bbox 1324 3372 1329 3385; x_wconf 89' lang='lat'><em>.</em></span> 
     </span>
     <span class='ocr_line' id='line_1_38' title="bbox 118 3377 1277 3495; baseline -0.009 -13"><span class='ocrx_word' id='word_1_304' title='bbox 118 3418 193 3482; x_wconf 88' lang='grc'>1111111</span> <span class='ocrx_word' id='word_1_305' title='bbox 216 3418 274 3479; x_wconf 91' lang='lat' dir='ltr'><strong>nisi</strong></span> <span class='ocrx_word' id='word_1_306' title='bbox 296 3429 403 3495; x_wconf 92' lang='lat' dir='ltr'><strong>puram</strong></span> <span class='ocrx_word' id='word_1_307' title='bbox 426 3418 457 3474; x_wconf 90' lang='lat' dir='ltr'><strong>et</strong></span> <span class='ocrx_word' id='word_1_308' title='bbox 473 3409 661 3472; x_wconf 91' lang='lat' dir='ltr'><strong>emendatam</strong></span> <span class='ocrx_word' id='word_1_309' title='bbox 677 3408 841 3487; x_wconf 92' lang='lat' dir='ltr'><strong>scriptoris</strong></span> <span class='ocrx_word' id='word_1_310' title='bbox 858 3406 1028 3468; x_wconf 84' lang='lat' dir='ltr'><strong>orationem</strong></span> <span class='ocrx_word' id='word_1_311' title='bbox 1050 3405 1223 3488; x_wconf 83' lang='lat' dir='ltr'><strong>exhibeant,</strong></span> <span class='ocrx_word' id='word_1_312' title='bbox 1245 3377 1277 3472; x_wconf 72' lang='lat' dir='ltr'><strong>id</strong></span> 
     </span>
     <span class='ocr_line' id='line_1_39' title="bbox 118 3487 1275 3581; baseline -0.009 -18"><span class='ocrx_word' id='word_1_313' title='bbox 118 3499 201 3581; x_wconf 92' lang='lat' dir='ltr'><strong>quod</strong></span> <span class='ocrx_word' id='word_1_314' title='bbox 236 3500 373 3561; x_wconf 85' lang='lat' dir='ltr'><strong>sortasse</strong></span> <span class='ocrx_word' id='word_1_315' title='bbox 403 3493 533 3558; x_wconf 92' lang='lat' dir='ltr'><strong>omnium</strong></span> <span class='ocrx_word' id='word_1_316' title='bbox 571 3498 619 3553; x_wconf 91' lang='lat' dir='ltr'><strong>est</strong></span> <span class='ocrx_word' id='word_1_317' title='bbox 647 3490 896 3568; x_wconf 91' lang='lat' dir='ltr'><strong>saluberrimum,</strong></span> <span class='ocrx_word' id='word_1_318' title='bbox 930 3493 981 3549; x_wconf 93' lang='lat' dir='ltr'><strong>aut</strong></span> <span class='ocrx_word' id='word_1_319' title='bbox 1007 3487 1152 3551; x_wconf 86' lang='lat' dir='ltr'><strong>brevibus</strong></span> <span class='ocrx_word' id='word_1_320' title='bbox 1182 3491 1275 3553; x_wconf 90' lang='lat' dir='ltr'><strong>mode</strong></span> 
     </span>
     <span class='ocr_line' id='line_1_40' title="bbox 119 3569 1277 3658; baseline -0.013 -8"><span class='ocrx_word' id='word_1_321' title='bbox 119 3581 248 3650; x_wconf 90' lang='lat' dir='ltr'><strong>scholiis</strong></span> <span class='ocrx_word' id='word_1_322' title='bbox 266 3588 295 3644; x_wconf 90' lang='lat' dir='ltr'><strong>et</strong></span> <span class='ocrx_word' id='word_1_323' title='bbox 311 3594 427 3643; x_wconf 90' lang='lat' dir='ltr'><strong>summa</strong></span> <span class='ocrx_word' id='word_1_324' title='bbox 441 3574 599 3658; x_wconf 87' lang='lat' dir='ltr'><strong>prudentia</strong></span> <span class='ocrx_word' id='word_1_325' title='bbox 614 3572 742 3635; x_wconf 88' lang='lat' dir='ltr'><strong>selectis</strong></span> <span class='ocrx_word' id='word_1_326' title='bbox 758 3570 1006 3649; x_wconf 85' lang='lat' dir='ltr'><strong>conscriptisque</strong></span> <span class='ocrx_word' id='word_1_327' title='bbox 1016 3569 1182 3651; x_wconf 88' lang='lat' dir='ltr'><strong>praeditae,</strong></span> <span class='ocrx_word' id='word_1_328' title='bbox 1197 3590 1277 3652; x_wconf 90' lang='lat' dir='ltr'><strong>quae</strong></span> 
     </span>
     <span class='ocr_line' id='line_1_41' title="bbox 120 3652 1278 3742; baseline -0.009 -12"><span class='ocrx_word' id='word_1_329' title='bbox 120 3664 253 3731; x_wconf 89' lang='lat' dir='ltr'><strong>studium</strong></span> <span class='ocrx_word' id='word_1_330' title='bbox 277 3662 407 3742; x_wconf 82' lang='lat' dir='ltr'><strong>legentis</strong></span> <span class='ocrx_word' id='word_1_331' title='bbox 436 3674 498 3721; x_wconf 91' lang='lat' dir='ltr'><strong>uon</strong></span> <span class='ocrx_word' id='word_1_332' title='bbox 518 3655 683 3735; x_wconf 89' lang='lat' dir='ltr'><strong>retardent,</strong></span> <span class='ocrx_word' id='word_1_333' title='bbox 706 3654 761 3717; x_wconf 91' lang='lat' dir='ltr'><strong>sed</strong></span> <span class='ocrx_word' id='word_1_334' title='bbox 784 3653 937 3731; x_wconf 88' lang='lat' dir='ltr'><strong>adiuvent,</strong></span> <span class='ocrx_word' id='word_1_335' title='bbox 958 3652 1111 3729; x_wconf 84' lang='lat' dir='ltr'><strong>ingenium</strong></span> <span class='ocrx_word' id='word_1_336' title='bbox 1134 3669 1196 3716; x_wconf 91' lang='lat' dir='ltr'><strong>non</strong></span> <span class='ocrx_word' id='word_1_337' title='bbox 1219 3655 1278 3719; x_wconf 90' lang='lat' dir='ltr'><strong>hc-</strong></span> 
     </span>
     <span class='ocr_line' id='line_1_42' title="bbox 118 3732 1277 3821; baseline -0.009 -10"><span class='ocrx_word' id='word_1_338' title='bbox 118 3749 225 3813; x_wconf 89' lang='lat' dir='ltr'><strong>beteut</strong></span> <span class='ocrx_word' id='word_1_339' title='bbox 249 3753 279 3809; x_wconf 91' lang='lat' dir='ltr'><strong>et</strong></span> <span class='ocrx_word' id='word_1_340' title='bbox 300 3744 514 3821; x_wconf 88' lang='lat' dir='ltr'><strong>comminuant,</strong></span> <span class='ocrx_word' id='word_1_341' title='bbox 536 3737 591 3801; x_wconf 90' lang='lat' dir='ltr'><strong>scd</strong></span> <span class='ocrx_word' id='word_1_342' title='bbox 614 3742 727 3800; x_wconf 89' lang='lat' dir='ltr'><strong>acuant</strong></span> <span class='ocrx_word' id='word_1_343' title='bbox 750 3743 779 3799; x_wconf 86' lang='lat' dir='ltr'><strong>ct</strong></span> <span class='ocrx_word' id='word_1_344' title='bbox 792 3736 940 3814; x_wconf 81' lang='lat' dir='ltr'><strong>excitent,</strong></span> <span class='ocrx_word' id='word_1_345' title='bbox 955 3732 1087 3812; x_wconf 88' lang='lat' dir='ltr'><strong>ideoque</strong></span> <span class='ocrx_word' id='word_1_346' title='bbox 1102 3735 1277 3800; x_wconf 83' lang='lat' dir='ltr'><strong>difficillima</strong></span> 
     </span>
     <span class='ocr_line' id='line_1_43' title="bbox 118 3815 1276 3907; baseline -0.01 -13"><span class='ocrx_word' id='word_1_347' title='bbox 118 3830 211 3895; x_wconf 89' lang='lat' dir='ltr'><strong>modo</strong></span> <span class='ocrx_word' id='word_1_348' title='bbox 240 3836 270 3891; x_wconf 89' lang='lat' dir='ltr'><strong>ct</strong></span> <span class='ocrx_word' id='word_1_349' title='bbox 296 3843 376 3907; x_wconf 89' lang='lat' dir='ltr'><strong>quae</strong></span> <span class='ocrx_word' id='word_1_350' title='bbox 405 3841 480 3906; x_wconf 93' lang='lat' dir='ltr'><strong>puer</strong></span> <span class='ocrx_word' id='word_1_351' title='bbox 506 3822 555 3885; x_wconf 90' lang='lat' dir='ltr'><strong>vel</strong></span> <span class='ocrx_word' id='word_1_352' title='bbox 577 3817 740 3898; x_wconf 83' lang='lat' dir='ltr'><strong>cogitando</strong></span> <span class='ocrx_word' id='word_1_353' title='bbox 767 3818 817 3880; x_wconf 90' lang='lat' dir='ltr'><strong>vel</strong></span> <span class='ocrx_word' id='word_1_354' title='bbox 845 3815 985 3880; x_wconf 89' lang='lat' dir='ltr'><strong>subsidia</strong></span> <span class='ocrx_word' id='word_1_355' title='bbox 1004 3832 1061 3877; x_wconf 94' lang='lat' dir='ltr'><strong>sua</strong></span> <span class='ocrx_word' id='word_1_356' title='bbox 1083 3817 1276 3882; x_wconf 92' lang='lat' dir='ltr'><strong>consulendo</strong></span> 
     </span>
     <span class='ocr_line' id='line_1_44' title="bbox 119 3900 1277 3994; baseline -0.01 -18"><span class='ocrx_word' id='word_1_357' title='bbox 119 3915 188 3994; x_wconf 90' lang='lat' dir='ltr'><strong>ipso</strong></span> <span class='ocrx_word' id='word_1_358' title='bbox 209 3912 347 3974; x_wconf 85' lang='lat' dir='ltr'><strong>invenire</strong></span> <span class='ocrx_word' id='word_1_359' title='bbox 361 3925 423 3970; x_wconf 92' lang='lat' dir='ltr'><strong>non</strong></span> <span class='ocrx_word' id='word_1_360' title='bbox 437 3906 547 3987; x_wconf 91' lang='lat' dir='ltr'><strong>possit,</strong></span> <span class='ocrx_word' id='word_1_361' title='bbox 569 3902 677 3984; x_wconf 92' lang='lat' dir='ltr'><strong>paucis</strong></span> <span class='ocrx_word' id='word_1_362' title='bbox 693 3901 796 3983; x_wconf 81' lang='lat' dir='ltr'><strong>verbis</strong></span> <span class='ocrx_word' id='word_1_363' title='bbox 808 3900 972 3979; x_wconf 89' lang='lat' dir='ltr'><strong>illustrent,</strong></span> <span class='ocrx_word' id='word_1_364' title='bbox 992 3913 1050 3960; x_wconf 90' lang='lat' dir='ltr'><strong>nec</strong></span> <span class='ocrx_word' id='word_1_365' title='bbox 1071 3904 1277 3985; x_wconf 89' lang='lat' dir='ltr'><strong>praeceptori,</strong></span> 
     </span>
     <span class='ocr_line' id='line_1_45' title="bbox 119 3977 1279 4083; baseline -0.012 -22"><span class='ocrx_word' id='word_1_366' title='bbox 119 3996 171 4083; x_wconf 91' lang='lat' dir='ltr'><strong>qui</strong></span> <span class='ocrx_word' id='word_1_367' title='bbox 199 3995 314 4077; x_wconf 90' lang='lat' dir='ltr'><strong>optimo</strong></span> <span class='ocrx_word' id='word_1_368' title='bbox 343 3992 424 4056; x_wconf 89' lang='lat' dir='ltr'><strong>scire</strong></span> <span class='ocrx_word' id='word_1_369' title='bbox 452 3988 557 4066; x_wconf 91' lang='lat' dir='ltr'><strong>debet,</strong></span> <span class='ocrx_word' id='word_1_370' title='bbox 590 3982 662 4064; x_wconf 90' lang='lat' dir='ltr'><strong>quid</strong></span> <span class='ocrx_word' id='word_1_371' title='bbox 691 3981 850 4063; x_wconf 88' lang='lat' dir='ltr'><strong>discipulis</strong></span> <span class='ocrx_word' id='word_1_372' title='bbox 881 3980 946 4044; x_wconf 91' lang='lat' dir='ltr'><strong>suis</strong></span> <span class='ocrx_word' id='word_1_373' title='bbox 978 3977 1129 4043; x_wconf 87' lang='lat' dir='ltr'><strong>conducat</strong></span> <span class='ocrx_word' id='word_1_374' title='bbox 1175 3986 1279 4047; x_wconf 91' lang='lat' dir='ltr'><strong>omnia</strong></span> 
     </span>
    </p>
   </div>
   <div class='ocr_carea' id='block_1_6' title="bbox 119 4032 1279 4322">
    <p class='ocr_par' dir='ltr' id='par_1_6' title="bbox 119 4032 1279 4322">
     <span class='ocr_line' id='line_1_46' title="bbox 119 4032 1278 4160; baseline -0.009 -20"><span class='ocrx_word' id='word_1_375' title='bbox 119 4072 501 4160; x_wconf 71' lang='lat' dir='ltr'><strong>praeripiant31remulta</strong></span> <span class='ocrx_word' id='word_1_376' title='bbox 523 4067 611 4149; x_wconf 89' lang='lat' dir='ltr'><strong>tales,</strong></span> <span class='ocrx_word' id='word_1_377' title='bbox 634 4064 742 4145; x_wconf 90' lang='lat' dir='ltr'><strong>quales</strong></span> <span class='ocrx_word' id='word_1_378' title='bbox 766 4065 929 4129; x_wconf 89' lang='lat' dir='ltr'><strong>etiamnum</strong></span> <span class='ocrx_word' id='word_1_379' title='bbox 950 4062 1029 4123; x_wconf 88' lang='lat' dir='ltr'><strong>iuter</strong></span> <span class='ocrx_word' id='word_1_380' title='bbox 1051 4063 1103 4156; x_wconf 80' lang='lat' dir='ltr'><strong>pia</strong></span> <span class='ocrx_word' id='word_1_381' title='bbox 1125 4032 1278 4131; x_wconf 79' lang='lat' dir='ltr'><strong>desideria</strong></span> 
     </span>
     <span class='ocr_line' id='line_1_47' title="bbox 120 4144 1279 4227; baseline -0.014 -3"><span class='ocrx_word' id='word_1_382' title='bbox 120 4159 299 4227; x_wconf 79' lang='lat' dir='ltr'><strong>referendas</strong></span> <span class='ocrx_word' id='word_1_383' title='bbox 328 4157 462 4221; x_wconf 77' lang='lat' dir='ltr'><strong>dixerim.</strong></span> <span class='ocrx_word' id='word_1_384' title='bbox 511 4151 591 4226; x_wconf 86' lang='lat' dir='ltr'><strong>Quot</strong></span> <span class='ocrx_word' id='word_1_385' title='bbox 620 4149 698 4212; x_wconf 93' lang='lat' dir='ltr'><strong>enim</strong></span> <span class='ocrx_word' id='word_1_386' title='bbox 725 4147 823 4210; x_wconf 93' lang='lat' dir='ltr'><strong>libros</strong></span> <span class='ocrx_word' id='word_1_387' title='bbox 852 4144 1016 4222; x_wconf 80' lang='lat' dir='ltr'><strong>habenae,</strong></span> <span class='ocrx_word' id='word_1_388' title='bbox 1044 4160 1095 4224; x_wconf 90' lang='lat' dir='ltr'><strong>qur</strong></span> <span class='ocrx_word' id='word_1_389' title='bbox 1129 4150 1279 4224; x_wconf 82' lang='lat' dir='ltr'><strong>attingant</strong></span> 
     </span>
     <span class='ocr_line' id='line_1_48' title="bbox 119 4226 1278 4322; baseline -0.014 -14"><span class='ocrx_word' id='word_1_390' title='bbox 119 4245 281 4322; x_wconf 81' lang='lat' dir='ltr'><strong>imaginem</strong></span> <span class='ocrx_word' id='word_1_391' title='bbox 303 4242 384 4303; x_wconf 88' lang='lat' dir='ltr'><strong>illam</strong></span> <span class='ocrx_word' id='word_1_392' title='bbox 408 4237 550 4302; x_wconf 87' lang='lat' dir='ltr'><strong>editionis</strong></span> <span class='ocrx_word' id='word_1_393' title='bbox 572 4230 780 4297; x_wconf 89' lang='lat' dir='ltr'><strong>scholasticae</strong></span> <span class='ocrx_word' id='word_1_394' title='bbox 802 4226 942 4291; x_wconf 90' lang='lat' dir='ltr'><strong>omnibus</strong></span> <span class='ocrx_word' id='word_1_395' title='bbox 964 4227 1099 4288; x_wconf 90' lang='lat' dir='ltr'><strong>numeris</strong></span> <span class='ocrx_word' id='word_1_396' title='bbox 1114 4228 1278 4292; x_wconf 90' lang='lat' dir='ltr'><strong>absolutae</strong></span> 
     </span>
    </p>
   </div>
   <div class='ocr_carea' id='block_1_7' title="bbox 122 4309 1279 4411">
    <p class='ocr_par' dir='ltr' id='par_1_7' title="bbox 122 4309 1279 4411">
     <span class='ocr_line' id='line_1_49' title="bbox 122 4309 1279 4411; baseline -0.015 -20"><span class='ocrx_word' id='word_1_397' title='bbox 122 4333 152 4391; x_wconf 91' lang='lat' dir='ltr'><strong>et</strong></span> <span class='ocrx_word' id='word_1_398' title='bbox 174 4327 350 4411; x_wconf 86' lang='lat' dir='ltr'><strong>perlectae,</strong></span> <span class='ocrx_word' id='word_1_399' title='bbox 372 4338 463 4405; x_wconf 88' lang='lat' dir='ltr'><strong>quam</strong></span> <span class='ocrx_word' id='word_1_400' title='bbox 484 4319 585 4384; x_wconf 91' lang='lat' dir='ltr'><strong>animo</strong></span> <span class='ocrx_word' id='word_1_401' title='bbox 609 4314 663 4378; x_wconf 89' lang='lat' dir='ltr'><strong>tibi</strong></span> <span class='ocrx_word' id='word_1_402' title='bbox 684 4313 833 4377; x_wconf 79' lang='lat' dir='ltr'><strong>buxeris?</strong></span> <span class='ocrx_word' id='word_1_403' title='bbox 868 4324 1051 4395; x_wconf 87' lang='lat' dir='ltr'><strong>quamquam</strong></span> <span class='ocrx_word' id='word_1_404' title='bbox 1071 4309 1129 4373; x_wconf 88' lang='lat' dir='ltr'><strong>hac</strong></span> <span class='ocrx_word' id='word_1_405' title='bbox 1149 4312 1279 4390; x_wconf 87' lang='lat' dir='ltr'><strong>penuria</strong></span> 
     </span>
    </p>
   </div>
   <div class='ocr_carea' id='block_1_8' title="bbox 0 0 1346 4950">
    <p class='ocr_par' dir='ltr' id='par_1_8' title="bbox 0 0 1346 4950">
     <span class='ocr_line' id='line_1_50' title="bbox 0 0 1346 4950; baseline 0 0"><span class='ocrx_word' id='word_1_406' title='bbox 0 0 1346 4950; x_wconf 95' lang='lat' dir='ltr'><strong> </strong></span> 
     </span>
    </p>
   </div>
  </div>
 </body>
</html>
