2676 4950
74 290 115 335 xx
316 276 990 342 11148.1111411114111111111111411111.

75 437 143 497 iude
163 439 201 498 ab
222 458 248 500 a.
271 433 341 500 713.
362 447 477 519 saepius
499 445 573 505 lame
595 447 754 519 laboraret,
783 460 886 521 quare,
915 460 989 521 pace
1016 448 1045 504 41
1066 450 1165 521 quiete
1186 464 1240 507 re-

74 525 187 596 stituta,
215 523 368 582 Maecenas
398 529 477 602 ipse,
509 531 590 588 cuius
617 533 671 588 viri
701 531 806 588 eximio
835 528 928 586 lavari
960 531 1048 603 poeta
1068 527 1184 604 debuit,
1206 537 1241 592 ut

76 603 151 663 dulci
180 608 239 664 otio
268 607 387 666 allluens
414 626 532 669 securus
554 611 646 670 literis
668 626 772 670 vacare
793 614 906 686 posset,
928 610 1036 668 blaroni
1059 614 1159 671 auctor
1182 629 1240 672 ex-

75 689 162 759 stitit,
191 693 221 746 ut
242 688 291 747 tali
314 694 439 749 carmine
460 692 592 754 llomanls
614 694 811 768 agriculturam
833 691 1045 752 commendaret
1067 709 1178 770 eosque
1199 697 1239 757 ad

73 772 232 843 neglectum
255 771 309 830 boc
331 776 407 832 ritae
429 790 519 849 genus
540 771 750 849 revocaret⁴²l.
794 776 928 834 Libenter
955 779 1068 850 patroni
1095 778 1239 838 voluntati

74 853 257 911 satisfaciens
269 859 365 992 &abta
387 859 415 914 in
438 858 493 916 boc
515 874 604 934 opere
626 858 801 934 perficiendo
815 860 994 933 septennium
1017 853 1227 936 consumsil⁴³)

75 929 268 993 mmal
1231 908 1239 937 ’

344 941 436 1013 ipsum
465 935 696 1016 absolveret⁴⁴);
730 955 825 1016 neque
857 943 918 1014 441,
951 955 1002 999 444
1029 943 1239 1017 interpretibus

76 1079 283 1095 ———

142 1160 189 1220 421
223 1159 281 1214 1114.
310 1161 444 1229 Geolll,
470 1165 512 1220 41.
547 1163 621 1219 Voss.
648 1163 681 1218 ad
706 1163 772 1220 Geo.
791 1162 817 1228 1,
845 1162 1238 1228 sansanctissimae

77 1223 149 1344 llisf.
172 1219 205 1282 44
229 1227 322 1282 studiis
347 1229 512 1285 humanitatis
533 1238 620 1286 nostra
642 1234 721 1287 etiam
746 1235 832 1286 aelate
857 1231 943 1295 magni
961 1230 1130 1285 aestimanda.
1168 1234 1238 1290 l’art.

76 1291 116 1345 XX
132 1292 151 1345 1.
172 1308 198 1361 p.
216 1296 234 1348 4
251 1308 291 1363 sq.
312 1297 403 1364 [quern
423 1297 495 1350 labu.
514 1298 609 1352 141444.
635 1314 661 1366 p.
678 1296 754 1351 XXll.
773 1296 885 1362 laudat.)

76 1446 103 1496 et
120 1374 264 1513 0533me
284 1378 376 1500 lg4ouat.
401 1380 425 1442 §.
445 1382 488 1437 to.
514 1387 540 1436 41
557 1380 700 1437 Weicbert.
728 1380 762 1435 44
780 1379 809 1433 L.
828 1378 897 1431 Varii
928 1383 955 1432 et
974 1377 1058 1432 Cassii
1078 1379 1162 1434 Perna.
1183 1386 1240 1441 4114

143 1527 187 1591 44)
223 1527 351 1595 Tempus,
369 1543 421 1597 quo
441 1529 570 1596 Georgica
589 1528 709 1583 absoluta
727 1530 786 1594 sint,
805 1529 863 1596 ipse
878 1527 976 1580 indicat
994 1526 1035 1594 ir,
1054 1529 1128 1598 560.;
1147 1547 1181 1587 ue
1202 1549 1239 1592 ue

77 1597 124 1658 est,
144 1608 204 1658 cur,
223 1599 337 1649 externis
354 1597 473 1650 omnibus
500 1601 657 1663 argumentis
676 1598 808 1661 destituti,
835 1609 893 1647 oum
918 1594 1017 1671 biennio
1037 1602 1064 1649 41
1081 1548 1239 1656 8411444144

76 1674 101 1727 p.
120 1662 178 1716 dlb.
199 1661 246 1714 bos
264 1663 368 1716 ultimos
387 1665 535 1728 Georgicon
551 1678 642 1718 versus
660 1678 710 1716 non
729 1663 761 1716 ab
781 1665 839 1729 ipso
852 1662 961 1726 Virgilio
981 1661 1113 1728 proiectos
1130 1665 1240 1724 nabaa-

79 1741 142 1780 rnus.
179 1727 231 1791 (Gi.
252 1730 349 1783 adnott.
372 1731 405 1784 iis
423 1731 577 1799 adscripta.)
613 1730 728 1797 ldeoquc
753 1745 803 1784 nec
822 1728 855 1783 de
876 1736 1008 1796 tempore,
1033 1743 1085 1796 quo
1105 1731 1241 1802 Georgica

77 1796 224 1863 conscripta
242 1799 302 1861 sint,
321 1798 513 1871 ambigendum,
532 1812 610 1866 quum
630 1799 859 1852 Grammaticorum
878 1797 987 1848 narratio
1008 1795 1041 1850 44
1060 1805 1162 1865 septem
1184 1817 1237 1857 au-

75 1874 165 1914 norum
184 1877 196 1915 s
217 1865 269 1916 atio
288 1867 314 1915 in
334 1865 367 1919 lis
386 1865 529 1920 condendis
548 1866 665 1919 absumta
685 1878 743 1918 cum
760 1865 843 1940 ipsius
852 1861 952 1929 Virgilii
967 1861 1053 1916 uerbis
1072 1870 1099 1919 et
1112 1870 1241 1936 temporis

75 1931 175 1983 ratione
191 1878 471 1998 diutissime'congrual.
483 1934 558 1985 Anno
574 1935 642 1987 enim
658 1935 716 1986 111.
732 1931 810 2008 poeta
826 1936 922 1995 noster,
939 1928 1069 1994 Georgica
1086 1945 1240 2005 exorsurus,

75 1999 223 2048 extremum
233 1999 469 2066 cecinitldclogam
480 2000 683 2054 absolvitautem
694 1999 831 2064 Georgica,
842 2010 920 2064 quum
930 1996 1059 2074 Augustus
1067 1998 1240 2066 441444144-

76 2064 124 2113 tem
137 2060 295 2128 fulminaret,
311 2079 378 2131 quae
392 2066 472 2120 verba
486 2066 604 2134 prolecto
618 2081 669 2120 nou
680 2066 713 2120 44
728 2063 896 2132 expeditione
905 2061 1026 2115 Partbrca
1037 2066 1095 2116 anui
1104 2066 1159 2120 134.
1188 2070 1240 2123 iu-

75 2129 219 2193 telligenda
229 2137 295 2194 sunt,
307 2131 354 2184 444
366 2132 399 2186 44
412 2148 435 2186 4.
447 2134 515 2199 724,
530 2148 580 2199 quo
592 2133 734 2199 Augustus,
744 2132 855 2183 uictoria
866 2129 975 2182 Actiaca
987 2134 1115 2195 reportata
1129 2138 1156 2187 et
1172 2133 1238 2191 Aa.

110 2202 153 2262 pto
162 2210 226 2248 occu
248 2203 298 2261 ala,
315 2197 870 2264 insyriacomrnoransctiamresPartbicas
884 2196 1019 2249 ordinarit.
1037 2195 1089 2258 (Cl.
1100 2198 1148 2252 llio
1156 2201 1238 2261 Cass.

98 2264 123 2328 1,
147 2263 185 2318 18.
237 2277 323 2316 asson.
347 2267 373 2316 in
393 2265 448 2319 lani
475 2268 571 2332 templo
590 2272 706 2321 reserato
732 2280 757 2333 p.
781 2265 834 2320 121.
871 2263 941 2315 labn.
964 2264 1058 2319 141444.
1083 2280 1106 2332 p.
1125 2266 1236 2327 XXXIV.

76 2336 103 2383 41
120 2344 188 2396 quae
208 2331 240 2383 44
260 2330 324 2384 Geo.
342 2332 384 2398 11,
406 2336 461 2387 111.
486 2333 608 2385 44441414
624 2333 705 2398 sunt.)
740 2332 799 2384 Alia
818 2336 858 2385 cst
876 2329 997 2396 Wagneri
1015 2335 1159 2401 sententia,
1189 2342 1237 2405 qui

75 2396 108 2449 ad
127 2397 258 2464 epilogum
278 2397 425 2465 Georgicon
451 2399 518 2454 baec
536 2401 655 2453 adnotat:
693 2398 776 2467 „lllud
800 2402 871 2452 vero'
889 2400 1000 2449 animum
1018 2411 1069 2450 nou
1088 2401 1237 2461 advertisse

76 2463 235 2531 interpretes
253 2467 366 2530 mireris,
385 2466 454 2533 qnod
475 2467 541 2521 baec
562 2469 620 2587 ipesa
659 2482 684 2520 4.
703 2467 752 2522 559
771 2480 828 2533 sqq.
865 2463 937 2517 11444
964 2477 1043 2530 super
1068 2481 1238 2526 arvorum

76 2532 144 2584 44114
161 2546 396 2601 pecorumque
415 2534 554 2601 canebam,
597 2537 703 2601 isuper
721 2531 918 2594 arboribus,
940 2529 1073 2584 Cacsar
1091 2535 1164 2588 4444
1182 2545 1236 2596 414.

75 2605 194 2652 44441441
210 2601 343 2666 vulgarem
362 2601 395 2655 44
414 2607 541 2668 tempore,
555 2616 613 2668 quo
630 2600 761 2666 Georgica
780 2599 915 2665 scripserit
924 2597 1055 2666 virgilius,
1075 2603 1236 2668 opinionem.

74 2664 166 2719 Putant
184 2669 261 2726 euim.
282 2673 383 2734 septem
401 2682 490 2735 annae,
511 2670 684 2733 tir-m,
702 2669 764 2720 buio
781 2666 888 2719 carmini
906 2663 1044 2742 scribendo
1059 2669 1161 2735 politam
1180 2673 1236 2724 im.

74 2734 208 2797 pendisse.
243 2736 365 2800 Magnum
383 2750 446 2789 sane
465 2737 591 2802 spatium!
612 2736 659 2790 sed
678 2738 700 2788 si
718 2737 805 2802 ipsum
821 2731 895 2785 audis
908 2730 1051 2797 Virgilium,
1069 2736 1134 2789 intra
1152 2750 1237 2793 annos

75 2801 230 2857 ras-725.
250 2809 329 2856 toturn
350 2817 417 2870 opus
438 2801 583 2856 absolutum
602 2817 663 2857 esse
691 2802 737 2855 tibi
765 2798 947 2867 persuadebis.
981 2798 1075 2881 licque
1094 2809 1134 2856 441
1152 2807 1232 2870 quid-

75 2881 152 2934 quam
171 2871 273 2937 inipso
293 2871 422 2936 carmine,
450 2872 520 2939 quod
538 2870 600 2924 buic
617 2871 733 2938 opinioni
757 2871 899 2934 repugnet,
920 2879 953 2920 uo
972 2869 1035 2919 444.
1055 2866 1081 2931 l,
1107 2871 1155 2924 505
1174 2886 1234 2940 sqq.

75 2937 116 2990 vel
135 2936 173 3004 ll,
205 2941 249 2993 171
270 2953 309 3007 sq.
329 2939 445 3005 quidem.
482 2941 668 2993 Gravissimum
693 2937 724 2990 44
753 2933 952 2988 confirmandam
978 2947 1061 2986 meam
1079 2940 1237 2993 sententium

75 3003 137 3058 inde
156 3006 260 3060 accedit
286 3008 402 3075 pondus,
429 3008 500 3074 quod
518 3007 662 3062 secundum
687 3005 779 3057 librum
797 3006 929 3067 postremo
955 3001 1014 3053 loco
1040 3013 1236 3074 commemorat,

74 3079 165 3138 quarto
190 3074 267 3142 plane
293 3077 399 3130 omisso.
435 3075 552 3137 Quodsi
579 3076 637 3141 quis
676 3075 779 3135 sacrat,
806 3074 866 3146 post
890 3066 1153 3144 absolutasUEclogas
1173 3079 1237 3150 aute

72 3140 178 3207 incepta
197 3143 327 3204 Georgica
353 3141 414 3207 quid
437 3156 522 3195 rerum
549 3143 634 3205 egerit
649 3088 788 3256 1914311144,
807 3133 856 3210 lid,
879 3138 907 3186 ut
927 3135 1006 3210 multa
1024 3135 1050 3184 44
1070 3149 1153 3197 genus
1172 3140 1236 3206 alra,

73 3208 222 3271 ignoramus
241 3221 398 3274 semperque
417 3205 620 3273 ignorabirnus.“
654 3205 689 3258 Se
725 3202 787 3255 mrbr
805 3198 831 3251 ud
849 3214 943 3266 ipsum,
963 3215 1005 3251 cur
1024 3200 1112 3261 Wagn.
1135 3208 1237 3279 lantum

73 3273 197 3339 ponderis
215 3273 345 3338 attribuit,
372 3275 488 3338 singulos
513 3272 593 3323 libros
614 3285 665 3322 nou
690 3284 737 3321 suo
763 3278 896 3340 quemque
912 3264 970 3340 loco
990 3277 1185 3319 comrnenrorarr
1208 3279 1238 3326 41

1 3357 2 3360 ’
74 3344 157 3406 quarti
176 3346 354 3405 argumentum
378 3352 483 3407 prorsus
508 3339 590 3389 omitti
616 3335 699 3402 (quod
724 3347 757 3387 ne
776 3331 808 3384 ab
828 3330 1021 3408 omniquidem
1040 3337 1112 3395 parte
1132 3347 1235 3410 rernm,

74 3420 151 3472 quum
175 3406 238 3458 nibil
263 3407 402 3473 impediat,
427 3405 563 3473 quominus
588 3417 680 3456 vocem
696 3412 796 3468 pacoro
822 3403 900 3450 etram
920 3409 984 3462 apes
1006 3396 1144 3463 complecti
1164 3416 1236 3456 cen.

72 3487 190 3528 scansus:
215 3472 248 3527 41.
270 3474 356 3526 adnot.
375 3472 407 3525 ad
428 3473 500 3524 illum
518 3472 630 3537 locum),
661 3474 749 3521 contra
768 3478 827 3519 eum
846 3462 933 3516 lacere
952 3469 978 3514 at
997 3478 1030 3517 ue
1052 3465 1235 3526 demonstrare

73 3543 182 3606 ridetur,
203 3541 283 3596 rerba
300 3539 372 3593 11444
389 3539 530 3602 canebam,
550 3538 610 3590 dnm
627 3535 730 3589 Caesar
748 3533 784 3586 44
799 3529 955 3607 4441441444
972 3477 1161 3610 1114141441444
1180 3544 1233 3591 lam

72 3612 148 3664 auxie
165 3609 357 3678 interpretanda
375 3622 444 3669 esse,
463 3607 649 3673 Virgiliurnque
669 3602 731 3655 nibil
751 3598 821 3677 aliud
839 3598 908 3652 velle
919 3597 1018 3663 444444,
1037 3602 1141 3653 nrsrrllo
1161 3608 1233 3656 tem-

72 3692 143 3745 poro,
163 3693 214 3745 quo
233 3680 365 3797 Xuffiustus
386 3678 472 3729 Asiam
492 3676 602 3726 norninis
621 3675 662 3725 sui
682 3671 765 3738 gloria
782 3666 912 3732 nnpleret,
931 3679 961 3718 44
980 3680 1098 3731 magnam
1118 3673 1144 3722 et
1166 3671 1233 3724 ulti-

73 3760 138 3798 marn
157 3747 262 3814 quidem
299 3747 356 3798 nius
376 3744 494 3798 carminis
515 3746 615 3808 partem
632 3738 831 3804 conscripsisse.
865 3732 953 3810 Porro,
973 3735 1075 3810 etiarnsi
1094 3735 1160 3788 locis
1179 3738 1233 3792 illis

72 3813 103 3866 ab
122 3817 179 3880 ipso
195 3814 282 3878 Wagn.
302 3812 510 3866 conrmemoratis
529 3809 592 3861 nibil
611 3819 715 3875 prorsus
733 3801 838 3866 tribuas,
858 3800 909 3852 alra
924 3801 1028 3853 aocedrt
1047 3815 1127 3854 causa
1142 3805 1232 3869 paullo

72 3883 181 3946 gravior.
218 3880 340 3946 Virgilius
356 3882 432 3945 enim,
448 3878 502 3932 Eoi.
517 3875 546 3944 X,
563 3879 585 3931 1.
601 3876 668 3929 baec
682 3870 813 3946 scribens:
832 3865 1073 3945 14414444441444,
1091 3869 1232 3948 44411444,

72 3948 132 4000 milri
149 3948 262 4000 concede
279 3948 410 4011 laborem,
439 3949 489 3998 iam
514 3948 553 4004 iu,
568 3958 600 3998 eo
619 3942 700 3996 luisse
727 3944 754 3990 41
779 3933 853 4013 41444Ι
868 3936 934 3986 aluus
960 3949 1066 4013 generis
1085 3942 1111 4013 41
1129 3936 1232 4002 longius

73 4015 140 4068 baud
159 4015 237 4068 dubie
255 4028 359 4068 carmen
377 4013 526 4074 inchoaret,
548 4024 624 4065 nemo
642 4009 720 4062 lacile
739 4000 981 4082 dubitabit,·quum
1001 4003 1066 4055 alias
1085 4003 1124 4055 brs
1143 4005 1232 4060 verbis

72 4082 152 4136 blusis
171 4088 215 4135 aut
232 4084 336 4134 omnino
356 4082 414 4135 vale
434 4082 540 4147 dicere,
565 4083 609 4131 aut
626 4081 712 4139 certo,
738 4076 838 4136 ungenti
862 4068 966 4122 scilicet
988 4069 1143 4148 Eologarum
1159 4084 1232 4150 cop.
1261 4142 1270 4155 Ι

72 4150 211 4204 (landarum
231 4149 320 4202 labore
339 4150 413 4214 qnasi
431 4145 567 4210 44144444,
592 4144 729 4196 consilium
749 4152 796 4214 per
820 4137 909 4214 plures
928 4150 1009 4215 annos
1027 4136 1124 4215 otrandr
1143 4151 1232 4203 signu.

72 4217 149 4273 ticara
173 4215 312 4270 videretur.
349 4216 412 4276 Quis
438 4219 524 4267 autem
551 4212 601 4264 sibi
625 4205 808 4282 persuadebit,
833 4203 898 4281 rllud
925 4203 996 4287 alr'ud
1015 4203 1098 4258 luisse
1117 4218 1232 4266 carmen,

33 4320 40 4327 .
70 4299 147 4352 quarn
171 4285 314 4349 Georgica,
346 4296 423 4349 quum
449 4282 474 4331 in
499 4278 633 4334 Aeneidos
658 4286 808 4342 prooemio,
834 4284 907 4323 curus
931 4274 1081 4321 αυθεντίαν
1106 4269 1230 4333 Wagner.

71 4355 128 4421 ipse
146 4360 250 4406 strenue
270 4349 402 4443 dqendit,
428 4347 609 4400 bucolicorum
630 4341 706 4397 modo
733 4345 760 4395 et
777 4337 966 4404 Georgicorum
992 4343 1053 4392 autc
1078 4350 1141 4391 ase
1161 4354 1230 4392 con.

393 4627 401 4653 Ι
