2676 4950
387 287 585 348 fflffl'sso
604 282 904 346 [illusimus.
1203 299 1236 340 nt

88 443 261 509 mentarintn
280 441 339 525 ita,
359 452 393 507 ut
412 443 537 521 rellan,
557 454 730 508 retractare
748 443 855 523 diittu
874 455 1017 505 sunau
1033 441 1238 522 perturberis

87 560 221 640 imagini,
250 574 341 638 qnam
360 561 461 623 animo
482 568 515 624 et
532 562 724 640 agitatione
751 566 939 640 conoeptan
958 557 1080 638 babeo,
1106 559 1238 638 propius

88 675 256 739 admonere.
295 673 497 739 Nibiionirus
521 676 636 739 nlla·
664 677 732 739 tere
757 675 829 738 libri
858 676 1006 756 pagiua·
1032 673 1238 737 nonnullas

89 797 118 854 et
137 806 261 870 magnas
279 792 464 855 mutationes
483 798 642 873 expertam
661 809 754 871 osse,
774 794 836 854 ian
856 791 938 854 letis
958 792 1153 870 conparatio
1173 789 1239 853 do-

89 907 174 970 cebit.
215 907 257 971 Et
282 907 408 986 primum
426 907 548 987 quiden
571 909 669 972 uuita
687 910 870 988 onisinus,
896 923 978 987 quae
998 906 1049 1003 rel
1074 908 1239 971 int-eribus

88 1022 238 1087 literarum
259 1020 407 1086 studiosis
426 1025 527 1086 ninus
545 1024 729 1086 necessaria
748 1031 779 1085 et
793 1024 955 1086 burtuosa
970 1021 1159 1105 siderentur,
1177 1024 1240 1088 alia

90 1146 183 1202 antem
210 1139 244 1200 in
269 1137 394 1202 brevius
420 1139 628 1203 comari-rs
656 1147 689 1202 et
709 1139 802 1219 plane
824 1138 1032 1201 abstinuimus
1052 1157 1072 1202 a
1093 1141 1239 1219 Wagneri

92 1251 331 1317 adnotationibus
356 1251 396 1316 ad
422 1253 549 1318 verbum
573 1256 609 1318 in
638 1264 777 1319 nostran
804 1254 969 1317 editionem
1004 1256 1241 1338 transferendis,
1308 1258 1320 1271 '

89 1385 147 1448 qna
171 1370 244 1449 ipsa
269 1368 378 1448 agendi
398 1370 520 1433 rationo
538 1371 644 1434 Vtrum
664 1370 796 1434 doctiss.
822 1370 903 1433 adeo
925 1380 1145 1450 exasperatum
1166 1390 1240 1438 csso

89 1490 218 1566 constat,
239 1491 273 1547 nt
291 1501 409 1548 omuonr
420 1493 560 1549 nostran
572 1503 710 1567 operam,
729 1487 955 1566 qualiscunque
970 1494 1030 1565 est,
1050 1479 1241 1567 vituperaret

89 1604 119 1661 et
138 1600 188 1662 vili
208 1584 370 1680 penderet;
395 1603 572 1682 pariterque
595 1604 686 1666 etiarn
716 1603 848 1665 aliorum
870 1601 1025 1664 editorum
1044 1602 1242 1665 animadver.

88 1716 202 1797 sinneS,
222 1716 298 1780 solis
317 1717 486 1796 liepmanis
507 1720 658 1800 exceptis,
678 1736 759 1800 qnae
779 1734 922 1798 magnam
945 1724 1065 1798 partem
1086 1718 1131 1779 ita
1151 1735 1242 1781 cont·

88 1838 210 1909 paratae
229 1839 308 1915 sunt,
327 1839 362 1896 nt
383 1835 508 1915 excerpi
528 1841 561 1898 et
579 1835 613 1896 in
632 1835 759 1898 brevius
777 1833 920 1895 contrairi
941 1833 993 1893 nir
1015 1835 1149 1914 possint,
1168 1851 1241 1896 raro

95 1952 206 2008 tantum
223 1945 410 2013 verbotenus
423 1952 520 2031 repeti
533 1951 718 2013 curarimus.
753 1948 848 2011 Plura
865 1949 956 2010 etiarn
974 1949 1160 2029 omisissem,
1181 1951 1244 2014 nisi

90 2060 150 2123 boc
170 2061 387 2128 dissensissent
406 2067 541 2130 virorum
561 2066 725 2130 doctorum
752 2067 784 2127 in
804 2065 963 2127 Britannia
983 2065 1147 2127 tirentinm
1168 2074 1242 2129 rota

89 2182 119 2239 et
141 2178 276 2261 consilia,
297 2182 348 2260 qui
369 2197 451 2263 earn,
473 2200 565 2262 qnam
586 2183 744 2262 inpriore
766 2179 901 2243 editione
922 2187 1052 2243 secutus
1075 2198 1161 2262 snm,
1186 2198 1243 2243 ra-

89 2290 200 2354 tionem
223 2293 282 2356 sibi
303 2298 549 2376 acceptissimam
571 2315 644 2361 esse
666 2298 794 2376 suisque
816 2296 987 2359 commodis
1008 2312 1141 2375 prorsus
1163 2313 1244 2358 oon-

86 2407 188 2470 venire
216 2409 287 2472 mibi
313 2413 539 2495 significarunt,
570 2429 761 2494 quorumque
788 2413 941 2475 voluntati
975 2428 1013 2474 eo
1050 2413 1151 2492 magis
1186 2429 1244 2475 sa-

87 2521 296 2588 tistaeiennnn
327 2526 502 2610 videbatur,
536 2545 628 2609 qnnm
657 2528 816 2591 Britannia
850 2528 969 2589 maiore
1004 2527 1113 2606 etiam,
1152 2543 1243 2605 qnam

85 2636 154 2717 ipsa
187 2637 364 2705 Germanica
389 2645 503 2725 patria,
537 2645 646 2707 farore
674 2643 840 2706 editionem
869 2659 968 2704 meam
1004 2645 1184 2721 excepisset
1213 2647 1244 2702 et

85 2752 180 2815 mnlto
212 2754 347 2834 plurima
384 2760 451 2823 eins
492 2759 681 2839 exemplaria
724 2775 763 2822 eo
811 2758 964 2835 migrasse
1007 2757 1240 2836 comperissem.

87 2867 148 2930 Sed
168 2885 232 2931 non
262 2871 293 2933 in
321 2874 485 2938 omittendo
514 2875 616 2938 solnm
636 2881 669 2938 et
696 2871 908 2936 contrahendo
937 2887 1033 2949 opera
1069 2887 1138 2932 mea
1170 2887 1245 2931 rer-

87 2990 157 3045 sata
194 2991 256 3065 est,
299 2987 360 3050 imo
396 2991 487 3053 etiam
511 2961 606 3054 'baud
644 3005 745 3069 panca
781 2986 896 3064 adieci,
954 2999 1085 3062 quornm
1126 2984 1246 3046 adden-

90 3097 199 3160 dornm
227 3099 318 3164 labnii
345 3106 390 3178 (in
422 3105 556 3169 editione
584 3105 655 3186 li),
678 3101 801 3182 Sirpbii,
828 3097 1032 3176 Peerlkampii
1055 3097 1245 3179 aliorumque

88 3213 223 3277 virorum
256 3215 416 3282 doctorum
451 3221 603 3286 industria
636 3215 860 3282 recentissimis
893 3213 1085 3292 temporibus
1116 3214 1245 3296 Virgilio

87 3337 196 3392 navata
217 3347 323 3395 ansam
336 3335 485 3418 praebuit,
499 3302 549 3400 vel
566 3353 646 3417 qnae
661 3352 701 3397 en
718 3331 958 3409 commentariis,
972 3327 1084 3409 quimus
1102 3328 1246 3411 OrellinS,

88 3442 258 3527 Obbarins,
288 3447 470 3514 Hantbalius
499 3452 566 3534 alii,
600 3468 680 3534 qnos
707 3449 836 3512 bononis
866 3463 962 3509 cansa
990 3446 1133 3526 nomino,
1166 3445 1247 3508 alios

87 3564 199 3637 poetas
221 3561 376 3629 Romanos
402 3565 611 3647 illustrarunt,
642 3564 777 3646 petenda
805 3570 908 3644 erant,
935 3559 986 3622 vel
1014 3559 1145 3640 denique
1167 3578 1247 3641 qnae

87 3691 241 3756 nunqnam
261 3678 438 3744 intermissa
459 3689 596 3746 velerum
625 3682 809 3761 scriptorum
835 3677 931 3739 lectio
952 3673 1024 3736 milti
1045 3676 1106 3754 ipsi
1128 3692 1248 3757 snppe-

80 3789 247 3874 ditaverat.
288 3794 454 3860 Praeterea
474 3799 565 3861 eliam
587 3814 666 3880 qnae
688 3808 840 3858 censores
862 3790 940 3871 mei,
972 3788 1249 3871 Naegelsbaohins,

88 3904 280 3990 Wagnerns,
307 3909 551 3994 HildebrandnS,
577 3908 741 3976 l’aldamnd
763 3915 822 3972 etc.
851 3911 961 3968 contra
987 3921 1035 3967 me
1056 3885 1266 3986 monuerunt,

89 4020 230 4086 studiose
255 4026 428 4089 examinata
449 4034 480 4090 et
500 4028 551 4091 vel
571 4028 714 4106 retntata,
736 4023 797 4103 vel,
819 4021 848 4084 si
868 4035 943 4082 nera
964 4019 1037 4081 milti
1057 4019 1250 4101 videbantur,

87 4146 211 4217 recepta
234 4144 264 4201 et
287 4142 490 4220 comprobata
515 4142 643 4208 videbis.
684 4139 824 4218 Denique
844 4135 916 4197 huie
936 4133 1026 4197 alteri
1044 4135 1171 4199 editioni
1193 4150 1251 4197 ac-

88 4260 252 4317 cesserunt
267 4254 359 4319 otiam
373 4255 578 4324 additamenta
594 4257 686 4338 plane
697 4269 790 4333 nova,
806 4249 911 4315 brevis
924 4249 1110 4317 Dissertatio
1130 4250 1168 4313 de
1188 4248 1251 4310 vita
