2676 4950
505 306 688 368 badonici.
716 308 792 369 ilci.
817 309 859 368 ii'.
1220 307 1265 373 ab

98 466 201 523 debant
221 467 329 531 nuptiae
354 464 489 519 Octaviani
514 479 572 519 cunr
590 464 727 518 Scribonia
752 466 848 521 eodone
868 480 935 521 anne
955 467 1114 524 celebratae.
1150 469 1264 527 linierat

98 548 159 591 eam
179 533 281 588 Caesar
300 534 374 585 initio
392 535 462 599 anei,
483 547 535 600 quo
554 533 637 586 i’oilio
658 532 718 588 Cos.
739 532 794 600 luit,
813 548 924 602 eamque
942 534 990 588 sub
1009 538 1068 588 unni
1087 538 1193 605 exitura,
1210 554 1262 607 quo

114 616 150 655 ax
168 600 336 655 Brundusina
364 600 431 653 iacta
451 607 505 667 est,
524 602 608 668 parlai
626 602 738 652 vicinnana
765 599 863 666 luisse,
890 616 922 655 ex
946 616 979 655 eo
999 604 1166 670 intelligitur,
1193 606 1261 672 quod

98 616 168 723 buliu
186 667 239 722 sab
257 670 317 720 anni
337 669 473 734 sequentis
493 669 595 720 tuiliunnn
620 668 669 733 [?]
689 674 748 721 nata
766 674 825 722 est..
849 670 933 731 Quane
951 672 977 721 inn
996 673 1193 738 exspectatione
1214 687 1262 727 es-

102 741 142 791 tet
159 735 262 802 iloana,
291 748 369 801 quam
393 736 491 801 prolennn
518 734 654 787 Scribonia
679 735 781 789 editura
807 742 893 800 esset,
923 738 1024 804 quippe
1053 752 1118 790 uxor
1141 738 1261 794 Caesaris

101 804 240 865 triumviri,
266 803 317 854 iuna
336 808 388 853 turn
406 801 499 869 Lepidi
519 807 546 856 et
563 802 668 854 Antonii
693 802 787 869 opibus
814 804 1004 870 praevalentis,
1030 808 1114 871 potnit
1139 807 1261 872 Virgilius

78 868 184 925 iliam
203 869 321 936 indeque
339 870 476 923 racliorenn
496 884 581 923 rcnann
601 869 776 923 conditionem
796 873 930 937 augurari,
949 879 1036 938 enuptio
1056 880 1200 926 connnnnncnnto
1219 876 1261 927 si-

103 938 154 991 nui
172 943 201 992 el
220 936 346 1002 gaudium
365 950 441 988 suurn
461 940 549 991 testari
570 943 594 989 ct
616 938 690 1003 paeri
707 950 833 989 sannanannn
854 937 979 991 iortununn
998 939 1145 1004 declarare;
1165 955 1260 1008 quana-

101 1018 181 1073 tpuaru
200 1004 236 1058 do
254 1004 373 1069 Augusto
391 1017 476 1056 rerunnn
496 1002 601 1055 donnino
620 1017 653 1056 eo
672 1018 737 1055 anno
758 1004 871 1057 aondunn
896 1010 1033 1073 quisquam
1057 1009 1173 1072 cogitare
1197 1015 1260 1076 pot-

98 1078 160 1129 eral
196 1070 252 1125 Sed
269 1069 331 1123 inuic
357 1072 474 1136 opinioni
492 1084 577 1137 acque
597 1084 706 1135 anagnae
732 1071 833 1124 obstant
860 1072 1076 1140 diltnculnonos.*]
1112 1073 1186 1127 Errat
1204 1075 1259 1131 iere

99 1140 173 1194 ¹inter
190 1138 244 1191 duo
262 1136 311 1190 bos
328 1145 417 1206 partus
444 1139 638 1200 irnlernnetatio,
665 1152 743 1204 qnnannn
769 1146 879 1206 uterque
903 1139 1013 1202 lrabeat,
1038 1140 1109 1208 quod
1134 1142 1260 1196 iudiciuan

101 1206 228 1259 inclinare
246 1208 340 1273 possit.
376 1204 429 1257 iarn
451 1153 520 1272 qaod
540 1205 572 1257 ad
591 1205 714 1256 l’ollronnis
733 1203 822 1272 iiliunnn,
841 1207 1060 1274 Saloninum,
1087 1223 1102 1263 e
1127 1209 1268 1264 Scrriunis.

102 1274 259 1327 cemnncntis
278 1272 311 1325 ad
329 1286 352 1324 v.
375 1274 422 1338 it,
444 1272 537 1325 autad
555 1272 670 1324 Salonini
691 1272 802 1339 iiairenn,
821 1272 848 1325 ii.
868 1276 1020 1327 Asinium
1047 1276 1197 1336 (iillum,
1227 1292 1260 1331 ex

99 1340 150 1395 alto
177 1341 237 1393 istis
266 1341 459 1393 cominentariis
484 1339 577 1392 adsuto
603 1352 688 1406 panno
716 1353 739 1391 v.
760 1342 797 1394 ii.
817 1354 860 1395 res
878 1341 1000 1407 refertar,
1028 1357 1080 1395 nont
1102 1346 1185 1410 magis
1207 1343 1259 1399 lide

101 1406 226 1461 iistortra
254 1408 349 1459 nititur.
387 1406 451 1458 b'annn
475 1405 586 1458 Pollioni
616 1407 662 1458 ilio
685 1421 752 1459 annno
778 1421 887 1474 puerunt
906 1416 991 1461 natant
1016 1424 1075 1463 csse
1100 1413 1257 1476 ignoramus.

98 1472 177 1529 iisset
194 1473 263 1528 adeo
280 1473 339 1538 boc,
359 1473 454 1528 inicrro
474 1472 573 1572 alipaid
591 1473 624 1527 de
644 1477 687 1525 luo
706 1475 863 1541 inpostea,
883 1481 909 1529 et
927 1483 978 1528 tuna
998 1489 1029 1530 er
1051 1490 1099 1542 eo,
1125 1478 1194 1544 quod
1213 1481 1257 1531 inn-

98 1542 196 1608 iaiisli,
222 1540 391 1608 probationes
409 1547 508 1608 peiere.
527 1542 565 1607 ¹²)
601 1541 670 1603 Quid
688 1547 792 1606 autern,
817 1545 840 1594 si
864 1556 897 1597 no
916 1543 989 1597 iocus
1014 1543 1122 1610 quidenna
1139 1544 1257 1599 hariola-

97 1674 306 1691 m

121 1760 156 1812 Ι)
180 1757 315 1803 i'erissinte
336 1759 424 1811 spania.
446 1757 469 1800 in
492 1758 594 1807 Prrnlspg
625 1758 655 1800 de
675 1768 747 1801 earnn.
764 1759 839 1802 brucoi.
856 1771 878 1812 p.
894 1760 945 1803 ib:
967 1762 1076 1814 „Nullus
1092 1762 1137 1804 boc
1151 1765 1258 1814 teunpore

97 1816 233 1863 Octauiano
248 1816 312 1860 alius
327 1822 412 1867 nnatus3
429 1815 489 1858 iulis
504 1815 551 1857 ntia
568 1826 589 1857 a.
607 1816 660 1859 tib.
675 1816 769 1858 demunt
784 1826 867 1858 mense
879 1816 959 1869 Aprili
971 1824 1013 1859 ant
1024 1818 1096 1861 nisio
1112 1821 1186 1872 Aequi
1196 1831 1258 1865 uxor

97 1872 223 1919 Octaviani
238 1873 340 1926 guastus
357 1874 453 1915 nanneni
475 1874 589 1915 Potuitne
609 1872 695 1915 conntici
709 1884 724 1915 a
742 1872 840 1921 l’ingilio
857 1884 955 1925 puerant
972 1873 1076 1917 iuturunu
1093 1877 1164 1919 esset
1180 1898 1207 1907 -
1222 1878 1257 1921 Ar

96 1931 196 1983 ulmum
211 1930 235 1973 id
251 1928 339 1974 fuisset
354 1928 458 1973 niaxime
475 1927 613 1981 ridiculum
633 1933 683 1972 tum
705 1929 852 1972 erasi-nanos
875 1940 922 1972 uon
938 1930 1041 1973 dilen-tus
1056 1937 1107 1975 enat
1122 1933 1192 1986 adeo,
1209 1943 1255 1976 nce

97 1986 212 2035 i'irtriilus
227 1986 327 2029 inuenitis
348 1992 372 2028 et
396 1985 452 2028 ritis
467 1986 593 2037 adulator;
616 1995 692 2038 auare
714 1985 794 2037 inepte
815 1996 885 2037 porro
905 1984 1009 2030 Pollioni
1032 1986 1137 2031 dicasset
1159 1998 1268 2033 carnaea·

61 2088 64 2095 ,
97 2042 120 2087 iu
133 2044 234 2089 iaudeur
252 2043 324 2095 pueri
336 2041 462 2085 Octauiani
481 2043 614 2084 rrorrduan
633 2043 701 2084 nuti
724 2046 748 2086 el
764 2041 875 2087 fortassis
896 2055 926 2086 ne
945 2044 1061 2086 nascituri
1084 2046 1191 2099 quiderm
1212 2048 1256 2089 de·

97 2100 166 2154 uittae
188 2100 269 2144 omnnia
291 2098 409 2150 latenter,
431 2109 531 2151 puerunt
552 2098 599 2141 iam
620 2109 688 2142 esse
702 2099 822 2153 tratura,
844 2097 883 2154 [l]
902 2101 964 2153 quod
978 2100 1100 2155 caanuliis
1115 2104 1256 2155 quibusdam

98 2159 258 2211 neglexerunt
273 2155 342 2200 alil.“
359 2154 504 2211 [Ciadrnott.
513 2154 544 2197 ad
552 2166 567 2197 v
575 2153 612 2209 8.1

107 2246 158 2300 ee)
180 2246 226 2289 iiie
242 2247 396 2289 venementer
413 2242 477 2287 earini
496 2246 526 2287 li.
557 2245 630 2286 laturo
646 2243 675 2285 de
693 2242 788 2287 nemine
803 2244 864 2287 aiio.
881 2254 952 2299 quarn
968 2245 997 2291 de
1012 2248 1056 2290 inoc
1071 2245 1123 2300 ipso
1138 2247 1255 2293 Pollionis

94 2300 137 2345 iila
152 2303 313 2355 cogitandum
329 2312 394 2354 esse,
410 2300 539 2345 docuerunt
557 2300 626 2344 Vrrss.
642 2304 664 2344 el
681 2303 783 2354 sputus,
805 2304 829 2345 et
850 2302 891 2345 iila
906 2304 1001 2356 quidem
1016 2308 1098 2348 certaret
1113 2305 1182 2359 (Vol.
1198 2307 1216 2350 i.
1231 2316 1254 2359 p.

61 2406 66 2417 ,
96 2358 169 2417 itti),
185 2360 324 2425 Saturninum
340 2350 423 2409 illarii,
439 2368 453 2401 a
469 2357 553 2424 servio
569 2363 792 2427 commemoratore,
814 2358 843 2424 ab
858 2361 940 2425 Astraia
956 2360 1025 2404 eollo
1040 2371 1087 2404 non
1103 2372 1158 2404 esse
1173 2362 1253 2406 diser·

94 2414 625 2523 ilni‘llllltlll'nib‘'alieti‘’
640 2415 1254 2527 lbir..binliti‘’slsilllllfflslddilili

96 2528 141 2573 tim
155 2530 225 2585 urbe,
241 2528 352 2573 Salonini
367 2526 506 2579 cogaouniue
517 2502 664 2593 appeliatum
675 2526 765 2580 fuisse3
781 2531 863 2580 spnnbn
884 2505 967 2574 ’nautean
988 2533 1003 2574 i.
1020 2507 1043 2574 ι’
1058 2542 1080 2584 p.
1096 2532 1134 2576 ta.
1149 2544 1201 2586 sqq.
1218 2532 1252 2577 ita

93 2584 211 2640 mutat:
240 2589 377 2641 „Exeunte
397 2596 426 2629 m.
446 2585 580 2635 Septembrr
602 2594 624 2627 a.
647 2595 669 2627 a,
690 2596 711 2627 c.
734 2584 787 2627 ili.
807 2596 878 2637 quarn
901 2587 947 2630 lam
971 2586 1086 2630 anniversa
1106 2589 1177 2631 ltalia
1197 2590 1254 2633 beili

93 2642 148 2685 mai
169 2642 248 2697 [inter
264 2641 399 2687 Antoniam
421 2644 445 2684 et
460 2639 634 2694 Octauianam]
658 2639 726 2683 initia
742 2640 843 2695 timeret,
858 2665 889 2675 -·
911 2644 1007 2687 tandem
1023 2644 1150 2688 Octauiani
1165 2645 1268 2691 milites·

93 2696 223 2751 waraei,
240 2712 268 2741 se
283 2698 411 2743 amicitiara
427 2702 449 2740 et
467 2708 551 2749 patient
565 2706 709 2749 cotnpnarrere
726 2699 796 2747 selle,
813 2699 886 2750 ideae
901 2710 972 2744 urnula
986 2712 1042 2744 sese
1057 2712 1200 2754 agere-n
1215 2706 1253 2748 pix

83 2754 239 2801 ¹Antonianas
254 2756 326 2809 igitar
339 2755 442 2800 Asinius
460 2754 545 2808 Potito,
568 2754 609 2806 nui
631 2752 703 2808 [agro
726 2754 817 2798 l'ernoto
834 2754 931 2807 relicto,
954 2767 1023 2809 caeru
1038 2768 1091 2801 cura
1107 2758 1157 2801 i'ii.
1174 2758 1253 2812 legio·

93 2812 160 2857 !lbus
175 2813 217 2857 diu
235 2812 331 2856 retinuit
345 2812 370 2855 in
386 2814 506 2864 potestate
520 2808 632 2863 Antonii!
655 2821 708 2853 caru
728 2811 890 2855 Ahenobarbo
910 2813 941 2856 ad
962 2815 1092 2858 Antoniana
1114 2820 1253 2860 araesscrat

93 2864 114 2911 iu
132 2868 195 2913 mari
217 2868 283 2912 ionio
301 2872 392 2912 etcum
408 2867 456 2910 iilis
471 2868 597 2920 appulerat
618 2865 649 2909 ad
664 2865 837 2921 Brundusium,
861 2880 875 2911 e
898 2868 1052 2913 Caesarianis
1072 2874 1201 2915 iiaecenras
1215 2895 1228 2905 -
1240 2895 1251 2905 -

93 2920 175 2969 tecue
190 2925 369 2969 Brundusinam
383 2925 576 2977 composuerant,
592 2921 645 2965 sine
661 2912 730 2965 loono
746 2923 829 2976 prieris
850 2924 935 2969 diebus
956 2926 1046 2969 mernsls
1062 2928 1179 2971 Octobris.

93 2980 167 3025 i¹uiilo
182 2982 222 3025 itis
237 2981 377 3025 laetissimis
393 2979 539 3033 temporibus
554 2980 649 3023 tandein
665 2980 756 3032 redux,
777 2980 880 3023 nobilem
896 2993 938 3034 per
952 2983 1031 3034 tegern
1047 2984 1179 3027 Falcidiam
1199 2985 1249 3027 iio·

92 3046 143 3081 mue
157 3038 217 3083 adlit
234 3039 400 3090 Consulatum,
418 3037 502 3093 [quem
517 3035 644 3088 nucerinus
659 3034 767 3087 legitimo
784 3041 891 3089 ternpore
906 3038 1077 3091 ingrederetur,
1094 3040 1171 3083 turbis
1186 3040 1249 3083 eiri-

92 3092 155 3138 iibus
168 3094 299 3148 impeditas
313 3093 415 3149 fueratl.
446 3095 512 3137 Uxor
526 3092 642 3143 Pollionis
657 3103 709 3135 curn
725 3092 808 3136 marito
825 3105 924 3137 reuersa
936 3095 1027 3148 peperit
1050 3096 1122 3140 tiliuar
1145 3101 1249 3141 exeunte

91 3150 226 3203 mptmbrt
241 3156 284 3195 sut
300 3149 396 3194 ineunte
411 3149 515 3203 Octobri,
531 3152 573 3192 aut
588 3150 668 3201 paullo
683 3151 754 3200 ante,
770 3154 813 3192 aut
828 3149 881 3203 ipso
903 3158 1017 3204 tempore,
1039 3164 1085 3206 pao
1100 3154 1179 3197 Pollio
1194 3165 1252 3197 cou-

91 3208 197 3253 uolatu·
211 3208 279 3251 adiit.
317 3210 343 3250 iu
366 3212 435 3251 tanta
455 3207 585 3251 anniuersae
606 3206 693 3249 ltaliae
712 3206 819 3260 laetitia,
841 3218 912 3258 uuam
935 3208 981 3252 ianr
1004 3208 1143 3254 riderentur
1165 3214 1252 3264 parata

91 3264 199 3318 teum
213 3274 247 3307 ex
261 3262 371 3318 ilammis,
385 3263 509 3313 caedibus,
525 3262 674 3314 saurgainneet
690 3263 776 3315 paganis
788 3264 904 3319 progigni,
927 3270 951 3309 et
967 3277 999 3309 ex
1014 3278 1106 3310 sarriano
1129 3267 1251 3320 gravissi-

89 3330 174 3377 mae
201 3324 267 3367 meu
296 3326 320 3366 ei
341 3320 448 3374 periculo
469 3318 584 3362 uniuersa
605 3319 693 3362 ciuitas
720 3319 874 3373 emersisset,
902 3323 973 3374 ideae
995 3324 1148 3379 berreilciuun,
1179 3336 1251 3379 quum

90 3378 194 3423 mine
214 3378 247 3422 ab
265 3376 366 3423 Arrlurnii
387 3382 455 3430 parte
470 3375 573 3419 instaret
589 3376 720 3428 perieaiuru
744 3375 807 3428 belii,
830 3378 893 3430 parad
916 3379 962 3422 iam
987 3385 1102 3424 rerrnotaar
1123 3387 1185 3435 erat,
1208 3392 1251 3435 per

89 3444 233 3489 generosum
244 3433 365 3479 Pollionis
384 3433 460 3487 iegati
476 3431 579 3476 tintinnum
594 3433 727 3485 contigisse
742 3432 938 3489 existimaretur3
965 3436 1082 3489 Virgilius
1098 3437 1174 3482 cilicio
1188 3438 1249 3491 grati

88 3490 160 3535 mimi
182 3496 206 3536 et
228 3491 340 3535 berresoli
361 3488 449 3535 deesse
463 3490 523 3533 adeo
539 3500 585 3532 aon
602 3490 684 3541 potuit,
707 3488 764 3542 qaia
786 3489 838 3533 suls
864 3491 941 3534 illusis
963 3503 1111 3537 cnnurmunem
1131 3494 1250 3539 taetitlaur

88 3548 230 3602 micarunt,
246 3548 282 3592 ita
295 3547 398 3603 quidem,
414 3552 449 3600 ut,
467 3546 505 3589 eal
520 3548 565 3589 boc
580 3546 717 3589 beneficiam
733 3546 842 3598 publicae
856 3547 1002 3595 securitatis.
1019 3554 1042 3593 ct
1050 3550 1189 3602 repentinae
1196 3551 1250 3602 pui-

88 3604 141 3651 ΙΙΙ
155 3612 234 3659 nique
244 3605 391 3658 inopinatae,
408 3604 518 3648 maxime
539 3604 680 3656 deberetur,
702 3614 756 3646 earu
773 3612 830 3655 prete
844 3604 933 3648 ceteris
947 3605 1093 3650 iaudarntlum
1108 3607 1155 3650 sibi
1167 3618 1251 3651 suune-

88 3666 132 3709 ια.
145 3684 177 3697 -
190 3666 243 3707 iem
263 3668 336 3705 autea
358 3659 423 3705 lanea
443 3670 532 3704 ananam
553 3659 645 3703 irretare
664 3659 746 3704 mundi
768 3665 887 3715 aetatem,
908 3671 941 3704 cx
961 3662 1107 3715 Sibyllarum
1129 3663 1250 3708 vaticiniis

88 3718 235 3765 obtinuerat.
264 3717 409 3763 currdrmata
423 3720 485 3761 bace
498 3715 578 3769 opinio
599 3727 681 3760 marusa
707 3717 774 3770 lulio,
797 3728 869 3770 paura
889 3720 963 3762 stella
983 3721 1079 3769 crinita,
1095 3720 1125 3763 ad
1144 3721 1194 3765 Eoi
1209 3720 1249 3765 ix.

88 3779 285 3827 memorata,
307 3774 468 3827 apperuisset.
504 3775 550 3818 Ao.
572 3772 624 3816 tta.
660 3772 785 3818 Vulcatius
806 3784 913 3828 aruspex
942 3775 965 3817 in
994 3775 1109 3820 concione
1138 3777 1248 3822 dixerat:

87 3832 241 3891 „nlnumeart
256 3830 348 3874 exlium
363 3830 419 3874 ttoni
433 3829 525 3875 saeculi
541 3833 567 3873 et
583 3828 718 3880 ingressum
732 3828 831 3883 deciml3
855 3832 897 3873 sed
911 3831 974 3883 quod
993 3831 1075 3876 inuitis
1090 3833 1143 3878 iliis
1155 3836 1250 3879 secreta

86 3898 164 3935 rmum
180 3886 357 3943 pronunciaret,
374 3886 499 3931 statimne
515 3897 571 3930 esse
585 3884 767 3939 morituram·,“
790 3891 813 3930 ct
829 3888 932 3931 nonduan
951 3888 1017 3931 linita
1033 3891 1141 3935 oratione
1157 3892 1181 3935 in
1195 3890 1249 3945 ipsu

85 3946 202 3989 eandm
216 3944 329 3989 eoneidlt,
358 3944 501 3999 (Augustas
517 3942 541 3987 in
557 3944 572 3986 i.
588 3945 616 3985 it.
633 3943 663 3984 de
678 3941 795 3986 itin-moria
815 3943 881 3987 vitae
898 3955 964 3987 suae.
1002 3948 1072 3989 serv.
1095 3949 1125 3991 ad
1142 3950 1191 3993 lici.
1206 3950 1247 4002 ix,

85 4000 139 4057 ii.)
151 4002 217 4047 iiiuc
232 3998 339 4054 proiecto
354 4005 416 4053 orat,
431 4002 493 4053 carrd
506 4010 568 4043 nune
583 4000 681 4053 (paullo
698 4003 749 4051 post
764 4001 889 4044 solennem
905 4001 975 4046 islenn
991 4004 1208 4056 comprobationem
1223 4011 1249 4051 et

84 4057 372 4113 manumitterentur
386 4056 500 4112 nonant,
522 4057 569 4100 iarn
584 4057 701 4099 accedere
716 4066 801 4099 novare
824 4058 905 4101 muudi
925 4063 1043 4114 aetatem,
1073 4072 1087 4104 e
1108 4064 1182 4106 retias
1204 4062 1248 4107 tri-

83 4112 201 4161 eiiulqu
218 4120 241 4159 el
263 4114 333 4168 quusi
349 4124 382 4157 ex
396 4112 479 4158 inferia
495 4117 593 4166 repente
608 4115 639 4161 ttd
656 4122 773 4156 summum
789 4110 911 4164 fastigium
926 4115 1106 4170 leetltlueper
1124 4119 1248 4163 Pollio-

83 4178 146 4217 tun
167 4170 275 4217 maxime
289 4174 314 4216 ct
331 4169 479 4213 i'oiitone
500 4169 634 4213 vorasule
653 4170 739 4213 evceti.
777 4169 859 4223 itaque
879 4171 944 4216 ilius
964 4172 988 4217 ei
1007 4176 1053 4217 boc
1074 4174 1126 4228 ipso
1141 4180 1248 4228 tempore

85 4232 157 4273 mim
170 4226 244 4283 quasi
266 4227 362 4281 signum
376 4226 433 4269 novi
457 4237 535 4271 rerum
550 4224 640 4270 ordinis
655 4225 789 4269 videbatur.
820 4228 941 4273 Asconius
955 4229 1079 4274 Pedianus
1094 4232 1162 4285 (sine
1177 4229 1247 4276 dubio

86 4280 110 4329 ΙΙ
120 4284 186 4329 libre
199 4284 231 4329 da
245 4282 449 4329 obtrectatoribus
459 4282 569 4337 vtrgtttt)
584 4283 614 4327 ab
620 4282 707 4328 Asinio
722 4283 802 4334 (iulio,
810 4283 928 4329 Pollionis
936 4286 992 4338 illio,
1009 4296 1038 4331 se
1051 4289 1151 4331 audisse
1166 4286 1246 4344 reteri,

85 4338 280 4443 υὶτσιξειοωι
301 4340 329 4389 iu
338 4342 457 4421 generem
470 4348 541 4386 suun
554 4338 650 4385 laetam.
670 4339 776 4386 macrob.
791 4341 842 4384 alat
863 4343 905 4397 ili,
927 4342 949 4388 i.
969 4343 1000 4386 de
1019 4344 1106 4390 eodem
1126 4343 1248 4389 Pollionis

119 4410 134 4441 ι
185 4402 337 4453 erprotatar.

116 4452 230 4508 inacte.
247 4448 350 4509 Pausi.
1016 4456 1033 4509 5
