2676 4950
377 966 409 1034 r.
446 945 666 1039 viner'nrr
698 894 932 1041 nononis
1195 992 1204 998 -

550 1369 744 1430 LIBER.

305 1657 568 1771 ECLOG‘A
609 1660 631 1725 l.
682 1656 982 1727 TITYRUS.

548 1822 763 1834 m

476 1920 824 1991 ARGUMENTUM.

104 2036 259 2130 Meliboeus,
294 2062 365 2128 agris
393 2063 449 2117 suis
478 2067 586 2131 exutus,
612 2062 673 2115 dunt
696 2063 780 2130 patria
804 2064 913 2119 extorris
938 2064 1096 2135 capellarum
1117 2081 1227 2138 gregem

103 2127 143 2178 ute
156 2141 179 2183 se
196 2132 256 2196 agit,
275 2130 301 2182 in
320 2130 432 2196 Tityrum
451 2130 557 2194 incidit;
576 2145 653 2209 quem
672 2144 751 2249 qluunn
769 2132 795 2207 in
815 2133 944 2185 communi
962 2132 1108 2212 calamitate
1126 2150 1227 2194 summa

101 2196 209 2251 securitate
229 2204 256 2252 et
274 2199 328 2250 otio
348 2195 397 2249 lrui
414 2197 531 2266 videret,
556 2203 663 2251 miratus
700 2212 794 2250 ominis
814 2204 926 2265 sorteru,
953 2214 996 2253 cun
1013 2206 1148 2270 acceptam
1167 2219 1226 2260 eam

101 2250 157 2326 lent,
173 2270 251 2331 rogat.
288 2263 381 2317 Narrat
401 2263 517 2332 Tityrus,
542 2280 567 2318 v.
586 2265 620 2322 20
642 2279 715 2333 sqq,
742 2265 873 2333 quomodo
900 2272 926 2320 et
948 2281 964 2320 a
989 2282 1041 2335 quo
1061 2283 1138 2336 agros
1160 2286 1224 2328 suos

99 2332 216 2398 senesque
241 2331 330 2386 salros
350 2335 559 2399 recuperaverit:
586 2346 631 2398 se,
654 2337 740 2386 aetate
762 2333 813 2385 iam
827 2340 993 2400 provectum,
1013 2335 1140 2391 libertatis
1155 2353 1223 2392 con-

101 2398 220 2458 ernendae
238 2413 320 2452 cansa
338 2397 445 2452 Ronrarn
463 2399 617 2468 proiectum,
636 2413 652 2452 a
672 2399 777 2457 donrino
795 2399 956 2472 obtinuisse,x
968 2406 996 2454 ut
1012 2416 1121 2469 gregem
1139 2404 1224 2465 iibere

100 2465 122 2508 lt
139 2465 262 2533 tranquille
286 2478 397 2533 pascere
421 2473 521 2532 posset.
558 2465 688 2520 Putandns
713 2467 792 2532 igitur
817 2473 858 2522 est
884 2466 984 2536 Tityrus
1009 2483 1070 2525 esse
1095 2485 1162 2525 unus
1190 2487 1224 2529 ex

99 2531 216 2638 ratribus
235 2535 319 2587 serris
339 2534 365 2584 in
385 2531 462 2587 tundo
483 2549 499 2587 a
517 2534 621 2588 domino
645 2533 755 2587 habitis.r
778 2532 831 2600 (Cl.
852 2533 886 2588 ad
903 2549 927 2588 v.
945 2535 1001 2603 28.)
1038 2537 1141 2593 interea
1158 2540 1224 2596 alter

111 2600 201 2665 tnalis
226 2615 258 2652 ao
284 2599 410 2654 molestiis
428 2602 589 2668 migrationis
612 2615 677 2656 suae
706 2603 873 2669 conqueritur
891 2601 928 2668 (v.
943 2604 1066 2671 ilsqq.).
1100 2604 1225 2663 Subsistit

99 2652 189 2731 dalogns
202 2668 228 2736 in
242 2681 285 2734 eo,
306 2672 334 2719 ut
345 2667 445 2734 Tityrus
459 2670 582 2723 miserum
598 2668 716 2724 exsulem
734 2670 760 2720 in
773 2670 876 2735 tugurio
892 2683 940 2722 suo
955 2675 1109 2738 pernoctare
1123 2673 1222 2755 iubeaq.

98 2747 120 2762 -
132 2730 203 2800 Atque
220 2734 273 2787 hon
287 2733 393 2802 quidem
406 2749 497 2789 uerum
514 2751 545 2790 ac
553 2738 689 2804 proprium
703 2737 825 2789 carminis
840 2740 1033 2802 argumentum;
1052 2739 1123 2806 qnod
1135 2754 1224 2809 quan·
1307 2796 1310 2807 ,

97 2789 136 2846 llll
153 2807 269 2855 aratura
287 2803 408 2855 carminis
425 2805 553 2870 pastoritii
572 2805 676 2872 proprie
695 2802 758 2856 dicti
777 2802 859 2870 absit,
885 2809 912 2857 et
931 2804 1009 2871 quale
1027 2819 1122 2859 novum
1139 2823 1223 2874 genus

97 2856 221 2936 constituar,
245 2870 272 2921 in
289 2868 356 2935 disp.
377 2868 411 2924 de
432 2869 565 2924 Bncoliois
584 2871 733 2938 virgilianis
757 2871 904 2936 expositum
923 2873 972 2925 est.
1005 2869 1060 2926 Sed
1079 2879 1223 2931 communis

96 2931 182 2987 tunium
206 2944 351 3003 temporum
373 2937 479 3005 opinio,
505 2944 622 2994 veterum
646 2938 870 3004 grammaticorum
894 2934 946 2990 srde
964 2935 1078 3005 firmata,
1103 2940 1222 3010 obtinuit,

95 2982 276 3070 lundnlogam
302 3002 336 3057 ad
360 3003 405 3057 illa
422 3009 540 3073 tempora
564 3012 591 3061 et
607 3005 707 3070 Virgilii
733 3002 861 3056 fortunam
885 3004 1108 3058 accommodatam
1135 3022 1223 3077 eoque

96 3066 148 3116 illo
162 3068 196 3132 [n.
214 3071 314 3137 e'lld.)
334 3072 456 3138 scriptam
477 3086 537 3127 esse
566 3087 617 3140 qno
628 3071 828 3126 Triumuirorum
844 3072 966 3138 pactione
983 3070 1091 3127 decreta
1109 3074 1222 3134 nefanda

94 3119 130 3181 illa
149 3147 256 3201 agrorum
278 3140 346 3192 inter
369 3143 507 3193 veteranos
532 3113 626 3193 divisio
654 3137 685 3192 ab
710 3136 852 3191 Octaviano
871 3137 940 3191 lacta
957 3144 1006 3193 est.
1034 3138 1087 3206 (Cf.
1108 3143 1219 3212 Appian.

94 3184 116 3244 l.
132 3196 203 3271 siv,
218 3204 243 3261 e.
279 3206 329 3259 nn
350 3205 423 3260 cass.
437 3205 535 3275 anuis,
554 3205 624 3274 nans
658 3205 688 3260 rr.
1023 3272 1028 3285 ‚

145 3268 301 3337 l„Trinnnviri
329 3275 398 3328 enirn
417 3274 589 3342 iampridem
607 3274 641 3328 ad
664 3273 788 3327 diutinam
806 3287 829 3327 a.
848 3273 924 3339 rte,
954 3275 993 3333 ut]
1007 3272 1057 3326 sibi
1083 3274 1222 3334 obstrictos

93 3328 206 3393 redderent
220 3341 329 3393 militum
345 3343 452 3407 animos,
473 3342 622 3397 octodecim
636 3339 736 3396 urbium
755 3339 878 3408 (Appian.
892 3339 922 3406 V,
935 3339 992 3406 22.)
1010 3343 1037 3394 in
1055 3340 1222 3402 fertilissimis

94 3386 162 3459 Italian
177 3407 329 3474 regionibus
348 3411 454 3462 sitarum
473 3423 549 3476 agros
567 3409 698 3464 veteranis
717 3406 873 3462 dividendos
887 3409 1066 3476 promiserant,
1085 3426 1223 3478 magnam-

94 3470 132 3580 ffilt
145 3478 267 3538 pecuniae
292 3477 344 3528 vim
362 3477 468 3543 insuper
492 3475 686 3544 spoponderant
711 3475 830 3541 siugulis.
866 3473 935 3541 Ergo
960 3481 988 3528 ut
1015 3475 1081 3530 baec
1099 3480 1223 3536 militibus

114 3536 196 3596 rideret
214 3541 380 3609 Octavianus,
400 3548 427 3597 et
444 3548 471 3597 nt
484 3543 611 3612 Lepidum
626 3544 777 3598 observaret
795 3547 822 3596 et
841 3548 929 3594 contra
943 3541 1049 3596 Sestum
1071 3544 1131 3598 Porn
1153 3549 1224 3602 nium

94 3604 168 3673 ateret,
187 3612 214 3663 in
230 3610 333 3665 ltaliam
350 3623 374 3663 a.
392 3610 451 3665 713.
470 3613 577 3667 ineunte
596 3611 682 3667 rediit.
709 3609 812 3675 tllirgil.
831 3622 855 3661 a.
873 3615 924 3664 aet.
944 3610 999 3673 29.)
1035 3609 1113 3664 Erant
1142 3612 1223 3671 lllllll

93 3656 214 3738 {trionibus
233 3677 353 3731 coloniae
371 3678 544 3744 assignandae
563 3677 686 3798 (Appiam
704 3676 734 3743 V,
753 3678 789 3734 6).
824 3676 909 3739 Quum
921 3690 972 3729 non
984 3675 1222 3738 sufficerentllVlll

93 3728 169 3797 ¹flamm
186 3745 303 3812 urbium,
327 3759 394 3812 qnae
413 3747 464 3798 iarn
482 3751 558 3800 antea
581 3745 706 3799 millibus
731 3743 877 3798 destinatae
896 3742 1011 3810 luerunt,
1037 3750 1226 3813 possessiones·

94 3803 112 3852 ⁰¹
124 3813 176 3878 agri,
194 3813 263 3868 aliae
283 3813 389 3879 insuper
407 3812 484 3869 urbes
509 3815 535 3865 in
555 3813 624 3867 bunc
641 3825 748 3869 censum
773 3812 858 3864 adseri
879 3817 920 3864 tae
941 3817 1013 3874 sunt:
1039 3827 1132 3869 reuera
1150 3815 1222 3870 divi-

94 3862 193 3949 letantur
212 3878 417 3949 illittlvpatqnn
438 3882 465 3932 in
483 3883 605 3936 uniuersa
621 3880 698 3935 ltalia
718 3879 843 3958 §Appiam
860 3825 890 3942 el,
909 3877 973 3957 22).
1009 3879 1039 3932 ln
1058 3881 1142 3935 Callia
1160 3882 1223 3939 Cis.

93 3934 156 4005 a¹l1ua
180 3947 371 4003 Cremonenses
397 3951 441 4001 ent
464 3950 568 4001 omnino
583 3947 725 4002 ,adversati
751 3947 851 4000 luerent
876 3943 1019 4000 Octaviano
1046 3953 1074 4003 et
1099 3965 1114 4004 e
1138 3948 1223 4006 Cassii

92 3997 190 4080 Brutique
208 4015 326 4082 partibus
342 4012 443 4070 fuerant
465 4013 552 4080 (Serv.
573 4015 604 4069 ad
622 4014 694 4068 Ecol.
715 4012 756 4079 ill,
774 4014 839 4080 28),
867 4019 980 4066 autnon
999 4016 1121 4070 miserant
1139 4015 1222 4072 Octa-

46 4108 48 4129 :
90 4073 145 4132 bun
168 4082 293 4136 auxilinm
318 4082 419 4148 [Pomp.
445 4082 506 4136 Sab.
533 4083 565 4136 ad
590 4081 662 4136 Eccl.
682 4080 730 4148 Ill,
751 4081 822 4148 29.);
849 4095 912 4147 ergo
933 4079 1147 4137 Cremonensium
1168 4090 1224 4153 agri

90 4137 205 4202 dbtdbuti.
239 4149 294 4205 Sed
312 4163 346 4204 ne
363 4151 403 4203 sin
420 4149 524 4218 quidem
537 4148 641 4205 suffecit
657 4148 781 4217 [Appian.
799 4147 826 4215 ll,
846 4148 917 4216 13.);
936 4153 962 4203 et
974 4149 1069 4203 unlites
1086 4166 1144 4203 curin
1156 4152 1223 4208 fastu

88 4214 109 4264 tl
120 4216 255 4282 petulantia
272 4218 415 4272 vicinorum
440 4232 516 4284 agros
535 4217 706 4281 invadebant,
733 4221 758 4271 et
772 4214 866 4282 plura,
895 4230 971 4282 quam
990 4231 1058 4282 quae
1079 4223 1152 4271 erant
1170 4221 1223 4273 ad.

86 4283 179 4352 scripta,
203 4285 357 4352 rapiebant,
378 4286 484 4352 'optima
509 4298 630 4354 quaeque
655 4283 706 4337 sibi
732 4288 875 4338 sumentes.
912 4283 1003 4350 ltaque
1027 4282 1223 4342 Mantuanorum

84 4356 172 4418 tuoque
192 4354 256 4420 agri,
275 4351 495 4408 Cremonensibus
508 4354 596 4420 ricini,
615 4349 768 4407 amilitibus
782 4351 912 4423 occupati,
931 4364 981 4403 non
996 4354 1101 4419 propter
1122 4352 1225 4423 culpam

107 4415 208 4474 lrnnrn.
225 4420 298 4476 l’nns
313 4417 332 4474 l.
