2676 4950
462 309 668 373 GEORGiCON
686 310 754 372 int.
776 310 822 371 tv.
1178 304 1250 371 ¹177

87 477 181 539 Omnis
206 479 236 535 in
259 477 311 535 trac
333 478 440 537 certam
461 481 541 552 ragio
572 480 641 537 iacit
661 479 723 538 arte
744 476 871 535 satutem.

167 561 294 634 Exiguus
317 562 435 636 primunr
458 565 544 634 atque
565 562 645 635 ipsos
667 562 831 618 contractus
854 557 889 618 ad
909 546 979 617 'visus
1186 548 1249 615 295

86 644 206 718 Eligitur
228 644 325 716 iocus;
346 642 420 701 hunc
442 647 609 718 angustique
631 643 750 700 imbrice
771 644 841 699 tecti

85 726 301 799 Parietibusque
323 730 453 800 premunt
475 730 560 800 artis,
583 729 612 782 et
634 727 755 798 quatuor
776 722 891 797 addunt,

84 809 211 878 Quatnor
233 823 249 865 a
272 812 363 865 ventis
385 809 502 883 obliqua
523 810 586 866 tuce
610 808 761 865 fenestras.

84 892 152 949 Tum
174 889 290 962 vitutus,
313 889 389 948 bima
410 907 530 949 curvans
552 895 608 949 iam
631 906 736 948 cornua
759 887 862 961 trente,

86 972 252 1043 Quaeritur3
281 971 346 1029 huic
367 977 496 1046 genuinae
519 989 602 1032 nares
624 977 653 1030 et
674 975 791 1046 spiritus
813 974 871 1030 cris

84 1054 170 1113 biuita
191 1055 341 1113 reluctanti
363 1056 527 1128 obstruitur,
550 1056 699 1130 plagisque
720 1055 850 1128 peremto

84 1137 178 1195 Tunsa
200 1152 253 1211 per
274 1139 410 1210 integram
432 1138 579 1196 solvuntur
600 1141 714 1195 viscera
735 1134 848 1210 peitem.

84 1220 132 1279 Sic
153 1222 278 1295 positum
297 1221 326 1276 in
350 1221 444 1279 clauso
466 1221 609 1296 linquunt,
634 1224 663 1279 et
684 1235 780 1278 ramea
802 1218 890 1275 costis

86 1444 145 1498 dum
175 1446 263 1495 autem
280 1439 359 1509 potita
383 1441 491 1504 primam
517 1442 673 1495 sententiam
701 1438 864 1507 „Canopitae
885 1440 970 1493 Nitum
991 1436 1127 1493 accolunt‘
1145 1436 1248 1493 duobus

86 1511 226 1567 enuntiatis
245 1508 360 1560 dilatavit
372 1505 529 1573 (Canopitae
549 1509 669 1561 accolunt
686 1509 720 1560 et
734 1507 862 1560 vehuntur
879 1507 968 1561 iaselis
987 1509 1084 1560 circum
1104 1520 1153 1560 stra
1165 1506 1248 1572 rura),

86 1579 121 1631 ita
139 1576 321 1629 concinnitatis
340 1587 420 1626 causa
438 1575 506 1627 idem
524 1577 551 1628 in
573 1580 703 1643 postrema
721 1577 850 1628 sententia
878 1574 939 1627 tacit
963 1575 1058 1640 (amnis
1079 1573 1250 1626 discurrite!

86 1647 234 1711 Aegyptum
255 1641 405 1706 fecundattt
427 1642 474 1694 sed
492 1648 519 1694 ut
539 1657 572 1697 ex
588 1648 718 1710 perpetuo
741 1642 895 1709 scriptorum
913 1643 1084 1695 Romanorum
1104 1654 1151 1693 usu
1172 1639 1248 1692 simui

86 1712 272 1765 sententiarum
290 1709 482 1775 oppositionem
507 1709 640 1777 efficeret,
665 1715 821 1777 postremam
846 1712 1002 1763 senteutiam
1021 1714 1060 1762 sic
1077 1710 1195 1771 invertit,
1220 1711 1250 1758 ut

86 1779 166 1832 verba
184 1775 256 1828 finita
274 1790 332 1828 cum
350 1775 507 1841 praedicatis
526 1780 581 1830 sais
598 1781 781 1845 praeponeret,
801 1777 947 1829 subiectum
960 1783 1076 1830 artrerno
1089 1776 1148 1827 turo
1161 1774 1248 1827 cotto-

87 1841 187 1898 caret.“
223 1844 273 1905 Qui
297 1844 411 1909 priorum
437 1842 565 1896 editomm
594 1845 628 1897 da
648 1842 699 1895 hoc
717 1842 775 1894 ioco
797 1844 964 1896 vexatissimo
983 1845 1126 1897 sententias
1145 1854 1248 1907 coguo-

87 1924 161 1965 seere
182 1912 253 1977 cupit
287 1912 310 1962 is
333 1908 471 1961 Burmanni
494 1910 637 1966 editionem
658 1909 769 1964 evolvat.
804 1909 861 1963 Hoc
876 1918 956 1962 unum
975 1911 1078 1974 adiicio,
1102 1908 1249 1975 Bryantum,

87 1978 146 2033 corr.
168 1978 234 2032 ια.
253 1951 294 2042 iu,
311 1977 353 2030 so.
373 1975 415 2030 ar.
452 1976 520 2031 neu
537 1978 583 2045 ru,
602 1977 722 2033 so-cc.
742 1982 769 2030 α
788 1976 861 2044 amp.
877 1976 921 2040 ιιι,
939 1978 981 2042 22,
1002 1977 1051 2041 ια,
1070 1977 1176 2052 arueram
1195 1975 1248 2027 ιαι

87 2051 186 2113 partem
205 2043 287 2096 aNito
300 2043 332 2095 ad
343 2043 459 2108 Gangem
477 2043 623 2112 transterre,
640 2058 718 2111 quem
734 2050 760 2098 et
778 2045 862 2110 ipsum
882 2058 930 2110 per
948 2048 1050 2110 septem
1068 2057 1114 2095 ora
1133 2056 1160 2093 ιιι
1177 2054 1248 2095 mare

88 2111 186 2166 edundi
205 2116 320 2176 constet,
347 2111 388 2161 cui
412 2116 498 2163 tamen
519 2113 637 2179 opinioni
661 2112 712 2162 iam
730 2110 811 2177 iteyn.
836 2112 1001 2175 adversatur,
1027 2116 1053 2164 et
1076 2108 1145 2176 qrrod
1171 2122 1248 2174 apum

88 2180 283 2245 generationem
303 2191 378 2231 nemo
398 2178 430 2229 ad
447 2177 525 2230 lndos
548 2179 681 2243 retulerit,
707 2183 733 2230 et
756 2178 826 2244 quod
851 2179 956 2244 Ganges
980 2191 1030 2229 non
1055 2178 1105 2228 nisi
1131 2180 1248 2228 contorte

88 2247 138 2299 dici
159 2247 243 2312 possit
262 2245 420 2309 decurrere,
439 2258 490 2312 qua
509 2245 605 2298 simnia
626 2244 740 2297 Persidis
755 2247 838 2313 urget.
874 2243 991 2309 Accedit,
1011 2243 1081 2310 quod
1099 2241 1180 2297 verbs
1196 2243 1247 2294 de-

87 2326 174 2365 vexus
192 2312 226 2364 ab
242 2311 314 2364 Indis
340 2325 362 2362 v.
381 2311 458 2377 293„
483 2310 549 2379 Nili,
574 2327 625 2365 non
646 2312 752 2378 Gangis,
771 2326 873 2365 cursum
891 2311 1047 2376 indicantia,
1075 2324 1108 2365 ue
1127 2309 1193 2362 haec
1213 2308 1247 2363 de

89 2381 179 2445 Gange
198 2379 388 2443 mtettrgamus,
412 2383 509 2432 vetant.
544 2410 579 2419 —
612 2379 672 2434 294.
700 2379 788 2431 iacit
811 2381 972 2445 satutem,
998 2380 1016 2432 i.
1037 2392 1061 2432 c.
1080 2379 1153 2447 ponit
1173 2390 1246 2443 spent

88 2447 188 2499 salutis.
224 2444 333 2496 sottum
352 2445 416 2496 iacit
438 2446 507 2499 mate
524 2447 708 2514 interpretatur
725 2460 788 2513 per:
821 2447 950 2513 loquitur,
979 2446 1037 2498 cuti.
1057 2445 1111 2498 ιιι.
1131 2443 1178 2509 ιιι,
1207 2446 1247 2499 tt.

90 2512 240 2566 Thesauros
249 2510 341 2564 Gutttcr‘
348 2512 411 2563 auri
419 2513 546 2565 occultari
554 2513 697 2580 epatribus
705 2513 770 2581 iecit,
782 2514 825 2580 qui
837 2513 910 2566 iocus
922 2528 980 2565 curn
990 2518 1077 2565 nostro
1093 2512 1155 2567 nihii
1171 2511 1249 2565 nabet

88 2592 232 2632 commune.
251 2608 283 2618 -
301 2579 358 2633 295.
378 2578 434 2643 „Gi
453 2593 512 2631 cum
529 2592 559 2646 sq
581 2621 587 2632 .
606 2587 758 2646 excerptum
777 2595 809 2633 ex
828 2578 977 2632 Ftorentino
994 2580 1020 2630 in
1031 2579 1149 2649 Geopun.
1160 2578 1212 2643 XV,
1221 2579 1247 2633 2.

87 2647 200 2701 Secutus
226 2645 335 2699 tortasse
360 2651 449 2700 noster
475 2652 531 2699 erat
556 2594 709 2712 barionem,
735 2648 809 2699 cuius
833 2646 883 2698 trac
903 2646 937 2700 de
956 2661 984 2699 ve
1003 2646 1094 2704 iocus,
1121 2645 1152 2698 ad
1171 2660 1249 2712 quern

87 2713 251 2766 Florentinus
280 2719 415 2779 provocat,
449 2713 616 2767 intercidisse
641 2714 753 2768 videtur.
787 2742 820 2753 -
848 2714 1072 2777 contractus,
1110 2717 1248 2776 coartatus,

87 2781 173 2847 spatio
193 2784 302 2842 angusto
321 2778 412 2843 tactus,
432 2780 464 2832 ad
482 2780 551 2833 hunc
568 2782 652 2848 ipsum
673 2796 756 2848 usum,
776 2776 980 2845 incursatum,
1001 2779 1089 2833 decem
1106 2778 1249 2831 cubitorum

86 2847 114 2899 iu
132 2845 291 2898 altitudinem
318 2848 344 2897 et
369 2846 540 2912 beatudinem,
565 2849 650 2914 inquit
674 2847 846 2901 Ftorentinus.
867 2877 897 2886 -
921 2845 980 2900 296.
1007 2843 1100 2897 Hisne
1118 2846 1203 2897 iocum
1222 2850 1249 2898 et

88 2912 229 2979 augusti
244 2912 386 2965 imbrice
403 2914 494 2977 tecti,
516 2914 542 2970 ιι,
556 2929 581 2968 e.
602 2920 711 2978 angusto
732 2920 801 2968 tecto
820 2913 908 2976 (cuins
927 2911 1038 2978 fastigiis
1054 2913 1151 2979 imponi
1161 2912 1248 2966 soient

87 2993 168 3032 cavae
187 2978 302 3044 tegulae,
319 2979 463 3046 imbrices),
483 2988 509 3034 et
523 2981 729 3047 parietibus
745 2981 856 3046 artis,
877 2981 1007 3046 angustis,
1021 2981 1186 3045 premunt
1201 2992 1247 3045 pro

88 3052 230 3107 exstruunt,
254 3046 303 3098 sed
321 3047 399 3098 mutto
418 3050 573 3113 etegentius,
593 3050 667 3115 quasi
686 3055 825 3114 coercent3
845 3053 872 3101 et
889 3053 998 3114 quatuor
1015 3047 1163 3113 relinquunt
1188 3046 1248 3113 spi-

87 3113 178 3166 racuta
197 3112 229 3164 ad
246 3119 357 3178 qomuor
374 3115 447 3167 coeti·
463 3115 584 3169 cardines
602 3118 755 3182 spectantia.
775 3144 805 3154 —
841 3115 900 3170 299.
920 3110 1163 3180 Τριακοντάμηνον
1181 3112 1250 3179 pois

86 3179 253 3232 Florentinus
274 3179 290 3231 l·
312 3181 326 3231 Ι.
347 3209 377 3218 -·
396 3181 455 3237 399.
477 3183 629 3249 spiritus
647 3183 727 3248 oris,
747 3182 773 3235 ιι.
793 3195 817 3236 e.
837 3196 876 3234 os.
894 3208 926 3218 -
944 3180 1004 3235 sot.
1029 3180 1136 3232 mutto
1153 3180 1247 3232 uetu-

88 3244 207 3311 ctantt
228 3245 301 3295 πολλ’
322 3246 504 3315 denegaremus,
525 3255 552 3302 ut
567 3249 635 3317 apud
654 3249 757 3303 Homer.
778 3247 826 3301 Od.
840 3247 907 3316 xiii,
924 3247 983 3302 tri.
1003 3246 1032 3299 tt.
1044 3245 1107 3313 xit,
1126 3246 1203 3303 traf‘
1216 3245 1247 3300 it.

86 3313 144 3366 Vid.
165 3312 262 3365 adnott.
282 3314 313 3366 ad
333 3313 462 3382 Geo.111,
481 3316 540 3370 226.
575 3316 727 3370 Lectionem
747 3317 891 3368 obstruitur
908 3314 998 3382 (quam
1021 3329 1079 3367 cum
1100 3315 1181 3368 attera
1199 3314 1249 3366 ob-

87 3381 172 3432 sur'tur
211 3382 347 3433 ermntavit
372 3380 476 3445 Heius.)
503 3381 644 3436 detendunt
662 3384 750 3448 Voss,
768 3382 870 3436 Waket.
892 3387 918 3436 et
936 3381 1016 3448 latm,
1036 3394 1148 3447 eamque
1166 3394 1248 3436 revo-

88 3450 158 3500 cavit
209 3460 276 3511 agn,
295 3460 449 3514 corrrparans
467 3448 577 3515 Geopoa
596 3448 646 3514 XV,
663 3450 688 3506 2,
708 3451 765 3504 rs:
803 3450 894 3506 Εὐθὺς
912 3447 941 3499 δὲ
961 3447 1248 3516 ἀποπεφράχιω

87 3513 141 3569 πᾶς
158 3512 207 3562 τοῦ
223 3514 288 3578 βοὸς
301 3512 385 3581 πόρος
409 3513 564 3572 ὀθόναις
587 3516 789 3583 subrepsisset
806 3516 916 3572 λεπταῖς
938 3518 1019 3582 πίσσῃ
1039 3517 1247 3583 κεχρισμέναις·

89 3574 149 3631 οἷον
176 3580 306 3646 ὄμματα,
339 3583 385 3631 και
415 3583 496 3648 iiiuc,
523 3584 570 3632 καὶ
592 3581 697 3650 στόμα,
726 3584 772 3633 καὶ
800 3581 851 3633 ὅσα
876 3583 909 3649 τῇ
956 3580 1014 3632 bosv
1043 3585 1186 3644 πεποίηται
1211 3582 1250 3637 εἰς

88 3649 204 3698 κένωσιν
227 3646 383 3714 ἀναγκαίαν
407 3601 603 3716 ἓάναγααῖαιι.
649 3649 750 3704 Wakei.
772 3650 805 3702 ad
828 3649 903 3701 Luc-r.
944 3648 962 3716 ι,
981 3649 1057 3713 725.,
1081 3653 1141 3713 apte
1173 3661 1249 3700 com-

87 3727 183 3780 parans
209 3711 273 3766 Aen.
300 3714 345 3779 iv,
377 3716 437 3770 tto.
471 3721 496 3769 et
527 3716 640 3780 docens,
677 3716 807 3784 quomodo
841 3730 873 3770 ax
901 3715 1095 3783 compendiaria
1122 3716 1249 3780 scriptura

88 3780 224 3832 obst'ur'tur
248 3780 329 3833 attera
355 3780 432 3835 tacite
456 3783 561 3849 prodire
586 3784 716 3849 potuerit,
744 3782 896 3834 obstruenda·
918 3782 1025 3835 verbum
1050 3782 1088 3833 rei
1105 3781 1248 3834 violentiae

88 3849 172 3913 magis
190 3849 331 3902 convenire
351 3853 446 3903 monet.
464 3876 497 3886 -
518 3849 576 3903 302.
597 3848 798 3915 solvuntur,
823 3848 954 3902 tundendo
974 3848 1152 3915 resolvuntur,
1173 3861 1249 3899 corn-

68 3915 260 3978 .mimuuntur,
286 3927 338 3980 quo
356 3918 434 3967 citius
452 3916 478 3966 in
499 3916 663 3981 putredinem
681 3915 789 3981 abeant,
817 3916 907 3982 petie
929 3921 1015 3970 tumen
1032 3915 1170 3981 integra
1189 3928 1247 3967 ma-

87 3984 177 4034 nente.
198 3978 338 4033 Florentio.
359 3982 374 4032 Ι.
395 3982 427 4034 Ι.;
448 3979 519 4048 ὁμοῦ
535 3986 595 4038 ταῖς
612 3982 691 4048 σαρξὶ
708 3981 741 4032 τὰ
759 3983 839 4032 ὀστέα
857 3982 1049 4037 συναλοῦντες·
1073 3981 1200 4047 φυλακὴν
1217 3979 1248 4031 δὲ

87 4046 242 4114 ἐχέτωσαν,
267 4046 296 4095 τὸ
321 4047 359 4113 μὴ
386 4045 503 4113 αἱμάξαι
527 4066 552 4098 τι
576 4048 625 4098 τοῦ
646 4047 711 4114 βοός
736 4054 763 4102 et
778 4049 827 4102 ret.
845 4078 878 4085 -
905 4051 1063 4112 uiscera,
1084 4062 1153 4101 curo.
1188 4047 1246 4100 Vid.

88 4114 152 4167 Aen.
172 4113 192 4178 1,
212 4114 272 4167 att.
292 4142 325 4152 -
358 4114 417 4170 303.
438 4116 631 4181 ‚,iuctuuso,
657 4115 710 4167 into
730 4116 807 4168 etiam
832 4115 913 4168 denso
931 4115 1045 4168 obducta
1063 4116 1140 4167 ianua
1158 4119 1184 4168 et
1204 4113 1247 4167 ie-

87 4182 191 4246 nestris‚
211 4186 239 4232 ut
258 4179 354 4233 diserte
373 4172 540 4235 Florentino!
562 4197 586 4248 p.
607 4183 681 4245 407.;
711 4181 767 4239 sed,
787 4187 815 4234 ut
840 4182 967 4250 adiicitur,
985 4180 1048 4234 xxt.
1075 4181 1118 4235 die
1143 4182 1200 4234 dies
1221 4186 1248 4234 et

88 4261 166 4313 purus
186 4247 232 4299 abr
252 4245 400 4315 admittitur,
418 4254 496 4302 vento
514 4253 599 4302 tamen
618 4249 741 4312 excluso,
767 4253 819 4300 tunt
836 4261 925 4301 rursus
951 4250 1038 4301 omnia
1055 4247 1135 4300 obtita
1152 4247 1247 4299 occin-

88 4314 191 4368 duutnr.
227 4313 286 4374 Quo
304 4312 380 4379 iacto,
398 4314 538 4369 undecimo
556 4315 617 4368 inde
637 4313 690 4380 die,
709 4318 799 4381 aperta
822 4314 912 4378 domo,
938 4316 1060 4370 examina
1078 4328 1146 4366 nova
1163 4312 1246 4369 eiter-

88 4393 199 4438 vescere
217 4381 390 4446 reperiuntur.
425 4381 515 4436 Facite
532 4396 566 4437 ex
584 4381 626 4435 iris
644 4387 765 4449 apparet,
795 4381 926 4448 quomodo
950 4388 1033 4436 mater
1051 4382 1108 4451 apis
1126 4382 1152 4433 in
1170 4376 1247 4432 οἶκον
