2676 4950
475 286 687 349 PROOEMIUM
708 285 802 349 llDlV.
825 288 846 348 Ι.
1201 307 1245 352 vn

80 445 295 532 persederem,
316 461 408 526 quam
431 443 572 508 omuibus
594 445 729 509 virorum
751 444 912 509 doctorum
934 446 1139 528 coniecturis,
1163 447 1246 512 haud

79 549 152 597 raro
168 529 315 593 inanibus
336 528 397 590 illis
416 534 446 590 et
460 527 640 608 temerariis,
661 527 872 591 recensendis.
905 527 1019 592 Omnes
1038 530 1117 593 enim
1131 531 1244 610 sciunt,

79 616 138 678 arti
175 613 302 676 criticae
331 608 518 674 factitandae
540 610 655 688 Virgilii
678 612 813 672 carmina
843 626 905 672 uon
938 610 1100 674 admodum
1128 612 1244 693 largam

79 697 234 779 praebere
257 693 396 774 copiam,
418 708 525 772 quum,
547 691 620 754 licet
641 692 750 770 ingens
772 691 912 755 codicum
935 709 1079 757 numerus
1101 695 1245 758 invenia-

79 791 139 860 tur,
163 779 190 841 si
213 792 335 857 paucos
351 775 522 855 exceperis,
542 773 722 853 Medioeum,
743 775 848 852 iragm.
862 774 1051 855 Vaticanum,
1075 775 1243 840 Gudlauum

79 859 320 941 Guelpherbyli,
353 856 571 920 Mentelianum
592 856 613 919 l.
643 863 675 920 et
704 856 738 919 ll.
765 856 911 937 Parisiis,
943 874 981 920 ac
1008 859 1200 921 llloretauum
1222 859 1244 923 l.

79 943 270 1023 Antverpiae
292 946 483 1019 asservatos,
504 939 625 1017 quibus
648 940 676 1002 si
698 939 810 1019 placet,
832 939 999 1002 Romanum
1024 949 1053 1004 et
1073 941 1243 1005 Palatinum

78 1027 193 1108 addas,
223 1039 406 1104 quamquam
428 1021 458 1084 hi
479 1037 603 1100 quoque
624 1037 687 1083 uon
715 1027 819 1083 lautae
840 1030 927 1103 sunt,
956 1030 1070 1102 quanta
1090 1025 1182 1100 vulgo
1204 1025 1244 1086 iis

78 1109 232 1187 tribuitur,
246 1104 448 1181 auctoritatis,
464 1103 561 1167 ceteri
579 1119 685 1167 omues
703 1104 832 1166 minoris
851 1105 912 1167 sint
925 1106 1015 1184 pretii
1038 1113 1068 1168 et
1083 1107 1245 1169 maximam

79 1198 200 1272 partem
221 1205 285 1250 uon
307 1187 398 1268 digni,
419 1188 451 1248 in
472 1185 584 1266 quibus
598 1186 796 1249 conferendis
819 1192 939 1267 tempus
958 1204 1145 1268 operamque
1166 1205 1245 1267 per-

81 1272 197 1354 das*);
218 1271 263 1334 illi
284 1276 385 1343 autem
403 1268 582 1348 plerumque
603 1268 647 1331 ita
669 1269 849 1349 conspirent
871 1277 901 1332 ct
923 1271 1097 1350 concinant,
1118 1276 1151 1332 ut
1173 1271 1244 1334 vul-

76 1363 182 1436 gatam
196 1353 362 1416 lectionem
378 1350 524 1414 deserere
545 1350 596 1413 vel
616 1351 805 1414 coniecturis
826 1368 940 1415 vexare
962 1369 1093 1432 prorsus
1105 1353 1242 1432 ineptum

73 1441 120 1503 sit
140 1454 180 1500 ac
202 1435 410 1514 temerarium,
439 1434 471 1495 iu
492 1432 631 1513 plurimis
654 1440 756 1497 autem
777 1433 856 1496 loeis
880 1435 919 1496 ob
943 1435 1085 1498 lectionis
1108 1435 1243 1499 diversi-

80 1524 176 1584 tatem
204 1516 455 1581 memorabilibus
490 1516 613 1579 illorum
648 1515 744 1580 Codd.
777 1519 1036 1595 praestantiorum
1069 1518 1242 1597 scripturas

77 1604 191 1666 afferre
212 1599 354 1664 sufficiat.
400 1597 486 1672 Quae
506 1615 598 1677 quum
618 1598 661 1660 ita
683 1599 755 1679 siut,
776 1614 836 1661 nos
858 1600 888 1660 in
909 1601 988 1678 ipsis
1011 1604 1124 1679 poetae
1138 1599 1241 1662 verbis

77 1681 305 1749 constituendis
328 1687 358 1743 et
380 1679 578 1744 emendandis
600 1681 782 1759 aWagnerl
802 1683 997 1761 recensione,
1019 1699 1098 1761 quae
1112 1681 1243 1745 llledioei

76 1768 209 1832 manime
235 1763 419 1828 auctoritate
450 1761 577 1825 lundata
606 1769 670 1843 est,
700 1779 772 1824 raro
802 1769 917 1825 tautum
938 1765 1128 1845 recessisse,
1149 1780 1241 1829 nemo
1324 1798 1326 1803 ·

76 1850 252 1928 mirabitur,
275 1861 459 1925 quamquam
477 1849 664 1926 contextum,
687 1852 923 1927 quemvooaut,
946 1846 1060 1909 bonum
1082 1854 1112 1909 et
1134 1862 1242 1909 emen·
1307 1906 1312 1917 ,

81 1933 200 2011 datum,
225 1946 289 1992 non
316 1928 417 1991 minus
449 1943 468 1989 a
488 1927 683 1989 librariorum
712 1927 850 2006 peccatis
873 1933 903 1990 et
926 1928 1075 1990 editorum
1096 1928 1241 1991 inanibus

79 2013 373 2092 coniecturis,quam
391 2026 409 2072 a
424 2009 653 2090 typothetarum
670 2011 780 2072 erratis
795 2026 925 2072 vacuum
939 2011 1241 2092 praebere,‚primam

77 2097 194 2161 debere
216 2095 365 2173 cuiusque
387 2092 516 2155 editoris
538 2108 643 2155 euram
665 2108 748 2173 esse,
766 2108 828 2154 nou
851 2093 1002 2172 estquod
1025 2094 1164 2157 doceam.

159 2209 330 2273 Verborum
353 2206 585 2270 scribendorum
608 2206 674 2269 sive
697 2207 937 2289 orthographiae
964 2226 1030 2272 eam
1052 2209 1163 2272 retinui
1184 2224 1240 2270 ra-

76 2294 202 2372 tionem,
225 2301 407 2370 quae‘nunc
428 2290 547 2367 vulgari
569 2306 627 2352 usu
649 2296 775 2368 recepta
798 2297 855 2372 est,
879 2292 938 2353 etsi
962 2291 1109 2372 Codices,
1130 2291 1240 2371 impri-

76 2377 135 2440 mis
157 2372 331 2454 MediceoS,
347 2372 411 2451 ‘qui
435 2372 498 2433 lere
527 2371 614 2433 solus
637 2371 687 2433 hio
707 2373 738 2434 iu
762 2389 888 2435 censum
909 2376 1009 2454 uenit,
1037 2373 1117 2436 haud
1139 2388 1239 2453 pauca

76 2458 236 2521 continent
258 2454 347 2534 alius,
368 2454 387 2517 i.
401 2470 427 2516 e.
451 2454 644 2535 antiquioris,
668 2455 907 2535 orthographiae
928 2454 1134 2536 vestigia**).
1168 2455 1238 2519 Alia

76 2547 126 2604 est
147 2539 228 2602 enim
249 2537 381 2615 Virgilii,
405 2536 465 2598 alia
485 2553 510 2600 e.
534 2551 564 2613 g.
589 2537 723 2600 Lucretii
745 2554 851 2618 causa,
876 2537 914 2601 de
937 2540 1024 2601 cuius
1046 2539 1077 2599 iu
1100 2538 1161 2600 hoc
1182 2554 1238 2612 ge-

75 2638 152 2686 nere
173 2621 296 2683 ratione
319 2620 437 2698 egimus
469 2619 501 2681 in
529 2618 629 2682 Praei.
653 2617 798 2682 editionis
819 2628 947 2683 nostrae
973 2638 1002 2700 p.
1020 2619 1100 2682 X—
1113 2620 1236 2698 XXlll.;

74 2721 177 2784 neque
201 2702 312 2782 omnia,
334 2717 413 2780 quae
434 2700 485 2763 ille
509 2717 621 2764 caseae
641 2707 671 2764 el
694 2701 856 2765 obsoletae
872 2703 1021 2765 orationis
1042 2704 1177 2765 imitator
1200 2719 1238 2765 ex

75 2788 195 2866 Naevii,
216 2784 315 2863 Ennii,
336 2783 461 2845 Pacuvii
481 2789 584 2846 aetate
598 2785 734 2867 arripuit,
756 2787 786 2847 in
802 2785 988 2864 politissima
1006 2791 1036 2847 et
1053 2786 1238 2848 nitidissima

75 2869 197 2949 Virgilii
225 2867 360 2929 carmina
390 2867 552 2928 transferri
579 2872 721 2946 possunt.
770 2865 837 2940 Qua
863 2868 894 2929 iu
921 2884 955 2930 re
984 2870 1116 2931 omnium
1144 2868 1254 2946 longe*

75 2950 253 3015 difficillima
275 2963 368 3026 qmrm
391 2965 508 3010 summa
531 2949 674 3010 cautione
703 2954 733 3010 et
755 2949 1033 3028 circumspectione
1052 2950 1245 3013 versandum·

76 3050 153 3098 esse
175 3032 304 3112 quisque
325 3029 438 3110 videat,
461 3031 499 3092 ab
522 3030 735 3109 beneditione,
756 3045 819 3090 non
841 3031 916 3092 uiris
937 3030 1078 3093 doctrina
1096 3033 1155 3093 iam
1178 3026 1260 3094 err-'

79 3115 184 3196 cultis,
206 3113 258 3176 sed
277 3112 441 3182 juvenibus
465 3112 503 3175 ad
523 3111 692 3174 doctrinam
715 3111 883 3174 nitentibus
905 3110 1068 3194 destinata,
1088 3114 1236 3192 spinosas

76 3203 109 3262 et
133 3194 224 3260 taedii
243 3195 352 3276 plenas
373 3193 607 3274 disquisitiones
642 3193 898 3274 orthographicas
920 3194 1071 3258 neminem
1092 3196 1238 3276 postula-

74 3286 177 3343 turum
199 3285 283 3359 puto.
325 3275 383 3352 Qun
412 3277 485 3341 talia
508 3278 643 3359 cupiunt,
665 3276 741 3381 his,
756 3278 784 3341 si
805 3277 871 3340 Diis
893 3279 991 3377 visum
1011 3279 1116 3362 luerit,
1138 3279 1237 3343 satis-

73 3445 285 3455 -—-—·.—..-

143 3520 174 3588 *l
207 3521 391 3579 Pocentiorum
411 3538 516 3593 qnoque
532 3526 645 3579 viromm
665 3520 798 3581 doctorum
819 3526 968 3592 laboribuS,
996 3530 1040 3596 qui
1057 3528 1159 3596 Virgilii
1178 3527 1234 3582 Co-

75 3590 151 3644 dices
177 3597 254 3644 anlea
276 3592 390 3645 nondum
418 3591 527 3646 collatos
544 3596 765 3661 peruestigamnt‚
794 3594 899 3647 Potterii
915 3596 1009 3656 (Paris.
1033 3597 1125 3662 1823),
1150 3596 1236 3650 laboti

74 3657 160 3725 (lips
182 3656 277 3725 1825),
301 3658 399 3712 Incolit
416 3658 565 3727 (Victrice,
588 3661 675 3728 1828),
693 3661 803 3728 Dorplrii
818 3661 962 3731 (havniae,
983 3663 1067 3730 1829),
1088 3663 1177 3717 Orelttt
1195 3663 1237 3729 (in

72 3723 194 3791 Epistola
218 3726 275 3778 crit.
303 3726 335 3778 ad
356 3724 514 3791 Madvigium
539 3729 650 3797 scripta,
676 3743 752 3796 quam
777 3732 928 3797 praeposuit
953 3730 1062 3784 editioni
1088 3729 1143 3783 Cio.
1165 3730 1234 3787 Orat.

73 3791 144 3844 Brut.
172 3796 233 3845 cett.
269 3791 355 3845 lutici
376 3793 450 3847 1830.
478 3795 504 3844 in
527 3794 613 3848 lucem
640 3797 752 3850 emissae
779 3810 805 3862 p.
823 3795 906 3849 LXIV.
926 3798 1014 3865 sqq),
1043 3796 1133 3867 stttqe
1155 3799 1233 3862 (edit.

73 3857 168 3922 Wagu.
186 3858 244 3912 Vol.
263 3858 305 3912 lV.
337 3859 515 3926 Lips.1832l,
548 3859 682 3928 blancari,
709 3863 832 3926 aliorum,
856 3877 908 3915 non
932 3866 1039 3918 multum
1056 3879 1104 3920 uos
1121 3866 1234 3920 luctatos

73 3939 135 3980 esse
151 3931 271 3991 coustal3
294 3940 450 3993 quamquam
467 3929 534 3982 inter
548 3927 656 3982 Potteril
674 3928 755 3981 libros
770 3929 876 3996 quidam
889 3937 949 3984 sunt
965 3935 1070 3987 minime
1082 3933 1232 4000 spernendi.

73 3992 162 4055 Quare
180 4007 234 4044 nou
253 3998 305 4045 tam
323 3996 383 4046 novi
402 3991 515 4048 Codices
534 3997 610 4049 anxie
622 3996 766 4072 quaerendi
785 4000 812 4049 et
829 4000 1018 4068 perscrutandi,
1041 4014 1118 4066 quam
1137 4000 1234 4054 melio-

72 4074 116 4113 res
134 4060 183 4117 illi,
205 4073 221 4111 a
238 4060 369 4127 prioribus
387 4060 545 4126 editoribus,
564 4063 689 4130 imprimis
704 4060 811 4115 Heinsio
829 4070 855 4117 et
874 4065 1000 4129 Potlerio,
1025 4067 1164 4120 admodum
1181 4081 1234 4121 ue-

71 4128 206 4192 gttpenter
223 4129 347 4194 inspecti,
365 4128 451 4181 denuo
465 4128 583 4183 studiose
601 4131 774 4195 perlustrandi
792 4131 918 4185 videntur.
955 4133 1018 4186 Nam
1034 4141 1138 4200 praeter
1157 4135 1234 4187 unius

71 4193 206 4258 Medicei,
234 4207 312 4261 quem
329 4193 467 4262 Foqpinius
486 4201 512 4250 et
530 4211 611 4262 nuper
630 4196 734 4251 denium
750 4195 903 4265 Freytopr'ne
921 4208 1042 4256 accurate
1062 4202 1232 4267 contuleruut,

72 4267 224 4317 ceterorum
243 4262 358 4314 omnium
374 4263 510 4332 lectiones
522 4266 606 4331 magis
623 4268 741 4320 minusue
759 4270 819 4317 suut
836 4266 941 4322 dubiae.

138 4360 189 4427 1’1)
228 4359 267 4413 el.
283 4358 411 4430 uxoupla
430 4364 457 4418 in
473 4365 563 4432 Progr.
581 4378 660 4433 supra
677 4379 768 4419 comm.
788 4368 815 4433 p.
834 4367 850 4421 t
870 4382 909 4435 sq.
929 4381 944 4421 a
962 4383 1004 4423 me
1021 4371 1130 4438 prolata.
