2676 4950
463 318 691 380 utondtcort
719 319 786 379 tta.
810 320 830 378 Ι.
1174 314 1240 381 217

77 482 258 559 tribulaque,
281 483 465 559 traheaeque,
489 490 518 544 et
538 488 636 560 iniquo
657 483 787 563 pondere
806 488 909 560 rustri;

75 567 177 641 virgea
199 570 351 643 praeterea
372 565 448 626 Celei
475 569 599 643 vilisque
621 569 760 644 supellex,
1179 560 1239 627 165

76 650 219 708 arbuteae
241 655 335 707 crates
357 654 386 709 et
403 653 523 725 mystica
545 666 653 723 nunnus
674 650 778 710 lacobi.
805 722 815 735 Ι

77 731 177 792 Omnia
200 748 273 806 quae
296 733 382 795 multo
404 739 469 792 ante
492 750 600 792 memor
620 736 735 809 provisa
756 749 891 811 repones,

77 815 105 872 Si
128 819 158 872 te
181 814 265 888 digna
287 821 381 874 manet
400 815 488 875 divini
509 817 599 892 gloria
620 819 703 876 ruris.

74 992 284 1002 ..a——o-

76 1105 273 1160 Eleusinae
297 1107 429 1160 matria.
467 1106 577 1172 „Cereri
599 1122 674 1162 sacra
693 1114 777 1175 eraut,
807 1110 904 1178 quippe
924 1123 938 1162 a
957 1122 1007 1177 qua
1026 1109 1129 1162 omnino
1150 1112 1238 1178 operis

76 1176 166 1228 rustici
186 1176 254 1251 ratio
274 1172 407 1241 prolecta,
426 1189 475 1226 non
495 1189 566 1241 uero,
585 1176 654 1243 quod
674 1190 763 1231 eorum
784 1192 846 1230 usus
868 1178 893 1229 in
902 1191 997 1243 pompa
1011 1175 1144 1230 Eleusinia
1155 1192 1238 1245 prae-

77 1239 282 1322 eipuuslluenq
302 1248 336 1319 ¹ut
353 1243 420 1323 inter
436 1244 605 1322 instrumenta
621 1242 717 1321 Ougic'a
734 1251 839 1323 esseut,¹
866 1247 891 1295 iu
909 1257 1003 1310 porrrpa
1018 1245 1090 1323 enim
1104 1243 1238 1299 Eleusinia

78 1307 206 1428 (ffrgs'po
224 1307 333 1428 tbelpsrs
350 1310 565 1430 εἳῑὲἰιόμῆμαὲἷς,
585 1311 719 1387 qrradrrgrs
738 1312 856 1364 candidus
875 1309 1027 1389 ducebatur.
1064 1311 1120 1389 llud.
1139 1311 1236 1391 Spanlr.

76 1390 326 1520 bmnfot'rmft'ereer'i's
340 1379 442 1498 ¹cultum
462 1418 489 1499 et
507 1379 1238 1513 myppgruisaeciretssrpfflsrimttatpuplprodntipicaapprsritppipffireu:

77 1524 147 1587 mum
166 1512 313 1588 instituisse
331 1509 471 1565 leuabatur.
507 1511 577 1571 tllid.
596 1526 674 1578 supra
691 1512 724 1564 ad
743 1527 766 1568 v.
788 1513 841 1580 19.)
888 1510 926 1564 Cl.
944 1511 1010 1578 Hqg.
1030 1511 1046 1564 Ι.
1068 1514 1122 1566 157.
1160 1511 1236 1566 Ovid.
1281 1520 1283 1528 ’

77 1576 146 1631 last
165 1576 275 1645 111501
292 1592 350 1645 sqq.
387 1577 443 1631 Cic.
462 1577 494 1632 N.
514 1579 545 1632 [t.
565 1578 652 1646 itta,
675 1581 731 1634 119.
757 1585 784 1635 et
802 1580 874 1634 Serv.
895 1579 928 1632 ad
946 1578 970 1631 b.
989 1580 1009 1632 l·
1033 1605 1064 1616 -
1099 1579 1155 1634 164.
1174 1581 1243 1641 iri<

76 1643 192 1698 tutum
209 1651 237 1700 et
257 1646 385 1698 trabea
403 1647 572 1701 instrumenta
590 1652 668 1712 erant,
688 1661 757 1714 quae
777 1648 910 1702 frumentis
928 1646 1044 1702 terendis
1061 1646 1239 1701 inserviebant

115 1712 375 1790 resclutooclriuea);
394 1720 421 1767 et
436 1713 556 1792 tribulum
569 1714 688 1792 quidem,
706 1715 830 1780 rpipoiou
845 1713 1065 1793 (deodiceacbaoo
1082 1714 1137 1780 eu),
1157 1713 1236 1769 Varro

98 1820 104 1831 .
125 1778 152 1833 ll.
173 1779 194 1845 1,
213 1779 254 1844 52,
276 1782 296 1833 Ι.
316 1786 351 1833 uta
369 1779 508 1834 describit:
530 1780 659 1833 Tubulum
675 1778 734 1848 fite
751 1782 840 1835 tabula
857 1781 984 1847 lapidibus
998 1785 1044 1834 out
1059 1728 1135 1848 ferm
1154 1797 1237 1849 aspe-

76 1848 152 1913 rata,
163 1861 232 1915 quac
250 1847 367 1912 imposito
386 1848 479 1916 auriga
499 1851 547 1901 aut
566 1848 682 1914 pondere
700 1850 797 1916 prandi
813 1850 927 1902 trabitur
947 1849 1067 1901 iumentis
1083 1849 1190 1914 iaruclis,
1209 1853 1240 1902 ut

77 1913 196 1967 demum
214 1928 229 1966 e
246 1915 318 1980 apice
335 1929 431 1982 pruna.
468 1913 504 1968 Cl.
524 1916 559 1969 id.
580 1914 609 1968 t.
629 1915 657 1968 t.
676 1916 717 1982 IV,
736 1916 761 1971 3.
787 1922 822 1970 elx
838 1915 901 1971 Ptin.
919 1915 1015 1975 livill.
1034 1917 1075 1982 30,
1093 1916 1135 1970 72.
1170 1917 1238 1972 Ser-

76 1980 375 2046 insubstantia,
406 1985 475 2035 enini
500 1990 573 2049 parte
598 1982 728 2037 dentatum
755 1991 782 2038 et
807 1984 875 2103 apud
894 1982 976 2036 ¹illios
1001 1987 1112 2037 maxime
1139 1984 1165 2036 in
1188 1999 1237 2038 usu

78 2048 177 2113 lulsse;
209 2062 291 2115 quare
318 2051 396 2103 etiam
424 2051 569 2117 plostellam
593 2049 730 2102 Poenicum
754 2065 819 2104 voca
840 2056 904 2104 atur.
948 2050 1040 2115 (Varro
1062 2050 1091 2104 ll.
1117 2049 1146 2106 ll.
1170 2052 1187 2104 l.
1206 2052 1238 2119 l.)

68 2116 176 2171 *lurcos
195 2130 229 2170 eo
248 2120 416 2171 instrumento
436 2119 585 2171 etiamnunc
602 2119 648 2175 uti,
667 2124 758 2171 eumer
782 2126 823 2172 est
840 2117 933 2185 Hepn,
952 2120 997 2185 qui
1016 2117 1117 2173 cunlert
1138 2116 1240 2188 Voyape

78 2183 111 2237 de
130 2183 198 2236 Paul
213 2183 303 2236 Lucus
320 2179 370 2251 [uit
382 2185 455 2254 *duna
473 2185 500 2237 la
515 2183 606 2238 Gracc.
627 2185 653 2237 t.
674 2184 693 2236 Ι.
712 2200 738 2252 p.
759 2178 824 2252 182,
849 2186 893 2238 obi
913 2187 989 2240 etiarn
1011 2184 1091 2246 lorma
1110 2186 1168 2239 eius
1187 2201 1238 2241 ex-

95 2265 169 2305 ressa
194 2254 237 2304 sit.
276 2249 379 2305 Trabea
403 2266 424 2305 s.
450 2251 524 2304 traba
549 2253 606 2317 (die
621 2251 821 2319 Dreocbwulne,
839 2248 1061 2320 Drcecltsclleise)
1081 2267 1095 2305 a
1112 2252 1239 2309 trahendo

97 2320 158 2381 icta,
183 2317 319 2384 ttaqapev
337 2317 510 2377 Graecorum,
535 2333 618 2384 genus
637 2320 753 2374 vehiculi
770 2323 828 2376 sine
846 2323 923 2387 rotis,
941 2319 1006 2373 inira
1024 2321 1154 2388 lapidibus
1171 2335 1239 2374 acn-

77 2387 182 2438 minatis
199 2386 241 2438 vel
262 2386 383 2440 dentibus
408 2385 500 2440 lemeis
524 2387 645 2439 obsitum.
681 2387 765 2441 Etiam
787 2388 856 2456 apud
874 2387 974 2442 Colum
994 2388 1031 2453 ll,
1049 2389 1089 2443 21.
1110 2403 1168 2441 oum
1187 2389 1240 2441 tri-

78 2452 136 2506 btrlo
163 2454 339 2518 coniungitur.
389 2453 428 2508 lle
453 2460 564 2521 utruque
598 2452 665 2507 coni.
690 2454 818 2510 Scbeller.
848 2456 881 2511 de
912 2470 942 2510 re
973 2455 1060 2510 vebic.
1087 2454 1127 2512 ll,
1152 2458 1177 2509 Ι.
1204 2485 1239 2498 -

75 2520 349 2655 itb‘tbtltt
357 2520 768 2645 trsttltttlttisli
787 2530 815 2576 ¹¹²
834 2522 1238 2657 islldttm‘ttal

77 2655 239 2718 iccillum,
258 2668 327 2720 quae
345 2661 435 2723 utpote
450 2669 483 2710 ex
496 2656 631 2709 viminibus
648 2629 800 2710 cimeteria
810 2658 912 2710 rustica
927 2656 1001 2720 lactu,
1020 2657 1240 2724 quemadmodum

76 2720 156 2776 Varro
176 2724 213 2774 ait
231 2722 250 2787 l,
268 2723 310 2786 22,
331 2725 364 2788 1.,
382 2723 464 2775 uilis
492 2724 652 2791 appellator,
671 2724 788 2790 intellige
807 2723 915 2790 corbes,
934 2723 1057 2789 fiscellos,
1076 2723 1171 2777 lormas
1189 2739 1239 2779 oa-

75 2792 224 2864 manaset
241 2790 337 2842 similia
356 2804 425 2844 vasa.
464 2788 562 2843 Celei
578 2790 671 2843 dicitur
689 2791 834 2855 Eleusinii,
859 2792 919 2858 quia
939 2793 1000 2844 eius
1022 2789 1090 2843 silius
1107 2792 1240 2910 Triptole-

75 2871 132 2911 mus
151 2857 217 2920 (vid.
239 2871 318 2924 sopra
336 2857 368 2909 ad
387 2872 412 2910 v.
434 2858 481 2922 19,
501 2863 529 2910 ut
546 2857 579 2912 de
600 2857 682 2912 Celco
702 2860 760 2925 ipso
778 2857 852 2911 Ouid.
873 2857 941 2910 Fari.
958 2859 1000 2924 IV,
1020 2859 1080 2912 508:
1100 2864 1127 2913 et
1167 2862 1238 2925 ygin.

74 2924 127 2979 tab.
157 2925 231 2986 tit.)
254 2938 270 2977 a
295 2923 407 2989 Cerere,
436 2924 550 2992 bospitio
576 2939 641 2981 exce
662 2931 701 2990 ta,
728 2927 857 2978 sationem
881 2923 983 2990 frugum
1008 2923 1145 2978 didicerat.
1181 2926 1237 2980 Vid.

68 2990 181 3046 -Gallim
207 2991 231 3044 b.
251 2994 276 3043 in
300 2990 358 3046 (ier.
377 2993 410 3046 97
430 3006 469 3058 sq.
497 2998 524 3047 et
541 2940 663 3060 Apollas.
683 2984 800 3058 1,5,’1.
826 2992 857 3044 ab
876 2991 977 3058 Heraia
996 2990 1065 3043 laud.
1084 2991 1239 3046 Releruutur

76 3066 164 3114 autem
187 3059 219 3113 ad
238 3059 308 3112 illam
326 3059 520 3126 supellectilem
538 3062 657 3112 crates
683 3059 727 3121 (ad
747 3059 908 3123 occandum,
926 3058 978 3111 vid.
997 3072 1117 3124 supran.
1136 3060 1191 3126 95.)
1212 3068 1239 3115 et
1322 3104 1324 3108 i

74 3140 226 3193 nonnus,
246 3140 267 3179 s.
283 3125 395 3178 cribrum
417 3127 530 3192 cereale,
548 3141 600 3194 quo
610 3126 704 3194 paleae
719 3132 778 3194 post
794 3127 909 3179 trituram
922 3140 937 3178 a
949 3125 1075 3180 lrmnento
1087 3127 1237 3182 ventilando
1321 3150 1326 3162 ¹

75 3194 287 3249 excernebantnr
304 3191 351 3256 (ni.
370 3193 435 3248 Gen.
459 3193 506 3257 lll,
527 3194 607 3261 t3l.],
639 3195 713 3245 cuius
731 3208 794 3247 usus
813 3200 869 3248 erat
886 3195 913 3247 in
930 3193 1059 3263 mysteriis
1076 3193 1238 3258 Eleusiniis;

110 3262 229 3316 rtabatur
261 3262 330 3313 enim
362 3266 492 3327 tamquam
527 3265 628 3327 signum
654 3262 812 3314 lustrationis
839 3266 865 3315 et
895 3263 1057 3330 purgationis
1087 3263 1113 3314 in
1143 3275 1239 3332 pompa

74 3276 164 3384 ffcclti
179 3328 247 3394 (vid.
268 3327 300 3380 ad
321 3327 377 3382 licl.
398 3327 441 3393 Vl,
462 3329 529 3394 lb),
555 3342 623 3395 quae
643 3334 715 3393 certo
740 3329 783 3382 die
808 3342 841 3382 ex
860 3327 996 3383 Ceramico
1014 3328 1165 3384 Eleusinem
1185 3330 1238 3383 du-

75 3396 195 3451 cebatur.
233 3394 270 3447 Cl.
288 3394 384 3449 bleurs.
404 3394 518 3449 Eleusin.
537 3409 558 3448 o.
578 3396 619 3451 tt.
657 3395 779 3450 Calenum
796 3395 906 3450 Hesiodi
923 3397 1010 3450 locum
1023 3397 1099 3464 'tipp
1120 3397 1170 3452 423
1180 3412 1236 3466 sqq.

76 3463 249 3541 anteuenias
267 3461 349 3516 inisse
368 3461 484 3540 Virgilio,
501 3462 581 3528 lleyn.
600 3465 651 3515 iam
672 3463 862 3557 adnotavity-
876 3464 1047 3531 mysticus
1064 3478 1121 3516 raro
1141 3469 1238 3517 tantum

75 3528 783 3675 ‘nutassetataiddimmittat·
803 3530 1241 3675 {Jttstttuaututt

88 3665 176 3732 ccclii,
203 3667 288 3732 inquit
305 3665 463 3730 Pomponius
481 3663 601 3730 Sabinus,
622 3680 682 3733 quia
707 3667 755 3719 isis
774 3664 876 3720 tratrem
895 3679 969 3719 sunm
987 3662 1090 3728 Osirim,
1108 3679 1125 3716 r.
1147 3677 1171 3718 e.
1190 3663 1239 3718 Li·

76 3730 170 3787 berum
190 3739 298 3800 patrem,
319 3732 462 3784 mutilatum
489 3731 662 3800 anpbone,
681 3747 763 3785 vanno
785 3733 901 3798 collegit.
937 3729 1000 3786 lnd‘e
1020 3730 1137 3786 adhiberi
1156 3735 1240 3799 poluit

76 3801 195 3869 mysticis
215 3815 235 3853 s.
256 3801 358 3852 arcanis
374 3802 457 3852 sacris
474 3798 551 3852 buirus
569 3799 645 3853 Dei.“
674 3829 707 3838 —
735 3801 790 3854 167.
813 3799 870 3865 „Ex
887 3798 996 3853 Hesiod.
1010 3799 1089 3866 ”app
1108 3800 1166 3854 tna.
1187 3800 1241 3852 τῶν

76 3866 205 3937 πρόσθεν
219 3868 337 3934 μελέτην
356 3865 465 3935 ἐχέμεν,
481 3865 571 3929 uiaque
589 3869 700 3917 sicam.
717 3895 749 3907 -
766 3881 892 3919 memor
911 3866 944 3918 ad
962 3870 1077 3918 ornatum
1099 3867 1239 3933 adiectum,

77 3942 107 3988 ut
130 3933 194 3987 ibid.
218 3949 243 3986 v.
264 3933 323 3990 422.
348 3935 538 3997 μεμνημένος,
565 3934 704 4011 providos,
730 3947 781 3986 non
805 3936 927 3987 omittens
953 3938 980 4005 qt
996 3932 1163 3988 obliviscens.
1200 3935 1239 3988 cl.

77 4001 182 4057 Colum.
204 4001 290 4068 t,‚8,
314 4001 358 4055 8.“
382 4000 413 4053 H.
447 3999 515 4055 Vide
541 4007 618 4054 ettam
640 4000 706 4054 inira
721 4001 758 4066 ll,
784 4000 842 4055 317.
869 4004 894 4054 et
917 4002 999 4054 multu
1024 4014 1124 4053 memor
1151 4003 1241 4055 occule

76 4072 163 4123 terra.
188 4097 222 4106 -
252 4069 404 4134 provisu
429 4082 594 4134 repones,
626 4068 684 4121 non'
702 4073 797 4120 tantum
822 4082 868 4135 pro
889 4067 1039 4188 providebis
1056 4071 1185 4136 positum,
1210 4075 1239 4121 ut

74 4135 161 4203 llepn.
181 4140 289 4197 censet;
306 4135 353 4189 sed
372 4142 509 4203 utrumque
527 4150 600 4188 suam
615 4134 695 4188 babet
712 4136 764 4187 vim
779 4140 805 4189 et
819 4137 1051 4202 signircatiunem·
1071 4149 1129 4188 narn
1149 4150 1242 4190 sensus

74 4209 134 4259 est:
157 4205 246 4256 omnia
269 4201 337 4273 baec
365 4204 533 4259 iustrumenta
560 4208 658 4256 uiatore
683 4200 847 4256 conicienda
874 4201 993 4270 cnemis,
1021 4171 1066 4255 uli
1091 4202 1196 4269 parabis
1216 4204 1242 4255 in

75 4270 193 4325 mmmm
217 4282 307 4336 usum,
332 4269 414 4324 etad
438 4284 498 4324 eum
522 4270 662 4336 diligenter
686 4268 813 4323 servabis.
849 4267 972 4326 Ceterum
990 4269 1023 4323 cl.
1042 4268 1102 4322 Hor,
1122 4268 1203 4335 Epist.
1222 4268 1243 4336 l,

76 4338 121 4405 18,
143 4337 202 4392 toa.
221 4338 346 4402 provisae
361 4334 448 4406 impis
465 4338 491 4389 iu
509 4352 607 4390 annum
620 4335 708 4403 Copia
720 4366 752 4376 -
773 4336 829 4392 168.
850 4336 878 4390 51
897 4339 961 4393 satis
973 4349 1093 4402 magnum
1112 4349 1145 4389 ex
1162 4349 1245 4404 opere

74 4411 106 4462 et
121 4417 155 4461 re
172 4405 271 4470 agresti
284 4404 388 4462 laudem
401 4406 528 4473 consequi
545 4405 628 4474 cupis.
638 4431 671 4444 -
689 4403 722 4460 si
738 4406 856 4460 munet
875 4419 938 4475 pro:
960 4406 1080 4469 siuis,ut
1093 4407 1119 4458 te
1131 4410 1243 4460 maneat.
