2676 4950
448 306 633 373 sueonum.
677 310 753 372 444.
780 311 823 373 vr.
845 292 860 365 .’
1160 312 1227 378 roo

76 468 174 537 04444
195 464 310 553 etipse
332 476 415 536 tener
435 475 531 536 mundi
554 479 734 537 concreverit
757 476 851 552 orbis;

76 548 140 620 ’444
162 559 269 620 durare
287 559 377 619 solum
399 562 428 619 et
450 558 612 637 discludere
633 560 728 619 Nerea
749 563 837 638 ponto
1186 555 1227 620 35

79 636 213 720 ,Coeperit
237 645 266 701 44
286 657 380 702 rerum
401 643 545 719 paullatim
566 658 679 702 sumere
701 643 823 717 formas,
957 651 963 662 ’

82 718 184 802 lamque
206 741 310 784 novum
332 729 425 786 terrae
447 730 579 801 stupeant
600 727 748 786 lucescere
766 726 864 800 solem,

82 807 161 869 iltius
183 813 270 884 atque
292 807 395 868 cadant
424 809 562 868 submotis
589 809 712 868 nubibus
734 810 856 882 imbres3

80 950 280 965 m

73 1030 162 1103 prisc,
181 1032 252 1100 quod
268 1045 306 1086 eu
323 1033 397 1087 ottets
414 1036 478 1093 suut
493 1036 581 1089 emota
594 1036 710 1102 primeis.
729 1067 764 1078 -
785 1036 941 1090 euordio
961 1037 1074 1089 omnio
1092 1043 1151 1091 sunl
1169 1040 1227 1090 siu-

134 1114 210 1154 eres
230 1113 264 1153 ex
284 1107 427 1154 atomorum
445 1116 572 1156 concursu
590 1110 675 1157 natae.
712 1103 751 1157 ur.
772 1102 847 1158 Lucr.
870 1104 903 1170 ll,
921 1103 980 1160 333.
1000 1103 1045 1169 444,
1064 1103 1169 1171 silv,
1184 1107 1226 1161 26.

91 1168 130 1225 ta.
150 1196 183 1207 -
200 1167 243 1222 34.
266 1170 367 1221 tener
389 1170 506 1222 mundi
524 1171 620 1222 ordis
637 1185 670 1225 es
687 1170 774 1224 Vossii
793 1174 922 1225 sententia
941 1176 980 1224 est
1002 1172 1113 1237 eoelum,
1132 1186 1165 1226 en
1184 1180 1227 1226 te-

73 1236 191 1291 nerrimis
205 1235 309 1289 scilicet
328 1237 422 1289 atomis
441 1236 594 1304 eontlaturn3
621 1238 765 1292 seeundum
783 1238 871 1305 lllagn.
890 1252 953 1292 vero
971 1245 1051 1290 toturn
1068 1243 1228 1293 universita-

72 1302 106 1357 45
123 1316 220 1371 corpus
239 1316 260 1354 s.
279 1304 417 1356 uniuersus
435 1305 554 1371 mundus,
574 1308 618 1374 qui
637 1312 766 1372 tamquam
784 1319 866 1358 novus
885 1312 912 1359 et
928 1308 1003 1372 quasi
1019 1306 1131 1359 nondum
1150 1308 1246 1361 adul-1

71 1374 113 1425 tue
130 1371 206 1423 444444
223 1370 371 1438 appelletur
387 1369 435 1434 (oi.
455 1370 550 1425 adnott.
573 1373 605 1425 ad
625 1372 734 1438 Geoll,
752 1373 825 1439 343.)
846 1372 976 1440 Equidem
994 1372 1078 1426 vossii
1096 1377 1228 1442 iuterpre-

70 1438 198 1493 hliouem
213 1436 344 1504 praetere.
365 1438 501 1499 Quomodo
520 1442 588 1493 enim
607 1441 677 1493 notio
691 1442 805 1494 universi
825 1440 922 1505 mundi,
940 1453 1018 1507 quem
1036 1441 1093 1507 ipsa
1111 1443 1226 1495 erorola

70 1504 160 1561 mie
180 1505 364 1558 coniunctione
381 1518 429 1557 sua
447 1504 579 1574 etiieiunt,
607 1522 665 1559 oum
684 1508 736 1559 illis
755 1522 802 1574 per
818 1520 892 1560 4444.
913 1509 938 1559 44
955 1507 1011 1572 ipse
1029 1515 1087 1627 tque
1106 1512 1228 1575 coniungi

70 1572 196 1643 potuero,
214 1584 266 1623 non
285 1573 435 1639 perspicio;
473 1580 561 1626 contra
579 1589 641 1628 vero
661 1580 717 1629 erat
733 1577 832 1641 utique,
853 1590 898 1627 cur
918 1576 1021 1628 coetum
1054 1576 1133 1630 iserte
1152 1591 1228 1629 corn-

70 1644 260 1697 ”moraretur
278 1645 304 1691 et
322 1652 337 1692 e
358 1642 454 1693 ceteris
472 1644 641 1705 esirneretur,
668 1655 747 1709 quum
764 1642 807 1695 vel
828 1641 892 1708 lucc,
916 1648 965 1695 tam
985 1647 1121 1709 tenerum,
1141 1647 1229 1698 utrix

70 1706 105 1773 fl
121 1720 167 1777 res
186 1720 327 1773 corporeas
344 1705 435 1760 reterri
453 1722 532 1775 posse
551 1709 678 1774 rideatur,
698 1724 730 1764 ex
750 1710 880 1763 eiusmodi
899 1709 1036 1764 elementis
1054 1713 1229 1778 concrevisse,

70 1776 137 1831 1444
152 1787 218 1827 saue
238 1777 367 1827 sententia
390 1777 494 1829 censeri
514 1784 611 1842 posset.
631 1804 661 1813 —
688 1777 730 1831 35.
750 1774 872 1843 „Ceoinit
890 1783 957 1843 tum,
982 1782 1009 1828 ut
1027 1783 1093 1831 terra
1111 1770 1230 1845 coeperit

69 1842 244 1899 indurescere
263 1838 289 1895 44
306 1841 425 1907 solidari,
444 1843 564 1910 adeoque
584 1859 664 1912 aquas
683 1844 810 1897 discretas
827 1850 852 1898 et
870 1858 885 1896 a
901 1843 1041 1912 superlicio
1060 1847 1229 1899 intersertos

69 1908 137 1965 im
162 1908 292 1974 ettitora
320 1908 442 1976 depulsas
469 1925 531 1963 man
560 1912 693 1966 includere
719 1910 766 1977 (ci.
792 1910 866 1964 Luor.
885 1911 914 1976 V,
938 1912 997 1967 439.
1017 1911 1072 1966 448.
1092 1912 1152 1966 454.
1170 1912 1232 1968 488.Ι

70 1976 124 2035 m
139 1974 205 2044 sq),
225 1980 258 2030 44
268 1976 402 2043 paullatim
421 1976 509 2031 herbis
528 1979 716 2047 arboribusque
735 1978 852 2032 vestiri.“
870 1978 900 2031 H.
919 2006 952 2016 -
969 1979 1102 2032 durare
1119 1980 1229 2033 neutrali

69 2058 151 2101 44444
168 2056 217 2111 pro
235 2056 265 2098 se
285 2042 387 2109 durare,
408 2043 528 2098 duritiem
546 2060 649 2101 sumere
667 2048 780 2114 positum
795 2044 841 2109 (44.
856 2046 951 2098 adnott.
971 2046 1003 2098 ad
1022 2045 1087 2100 Aeo.
1107 2046 1128 2113 l,
1145 2048 1228 2114 234),

135 2109 245 2190 quidem
262 2125 342 2164 sensu
357 2125 399 2165 me
417 2112 479 2164 alibi
493 2113 584 2180 legere
605 2114 654 2166 troo
670 2113 824 2166 uocabulum
839 2128 889 2166 non
906 2114 1020 2166 memini.
1055 2112 1229 2168 Nihilominus

110 2180 167 2247 puri
184 2180 320 2243 rationem,
338 2179 383 2245 qui
402 2179 481 2233 rerba
498 2183 538 2233 sie
565 2183 686 2248 coniungi
706 2181 799 2234 'nralit:
834 2180 904 2233 orbis
923 2180 1010 2233 mrrudi
1029 2184 1118 2249 coepit
1136 2182 1229 2237 durare

71 2246 167 2311 nolum,
186 2245 257 2298 nullo
275 2250 353 2313 paeto
374 2246 485 2314 probare
504 2262 619 2316 possum.
640 2277 674 2287 -
692 2248 895 2301 discludere
910 2245 1022 2302 Nereo
1036 2252 1149 2316 ponto.
1174 2248 1228 2302 So-

71 2312 126 2369 4144
143 2312 264 2367 duratum
282 2314 370 2380 coepit
387 2311 488 2376 rl'ereo,
515 2317 532 2368 i.
553 2330 577 2370 e.
606 2330 687 2384 aquas
715 2317 826 2367 ruarinas
844 2315 910 2380 (vid.
937 2316 971 2368 ad
996 2330 1020 2369 4.
1043 2319 1082 2373 45.
1109 2322 1135 2371 44
1154 2316 1228 2371 ovid.

72 2380 134 2437 lior.
150 2378 195 2448 tlt,
215 2381 254 2434 44.
292 2378 350 2440 Ouo
370 2382 449 2434 totum
467 2380 569 2435 Nereus
589 2384 713 2436 caerulos
730 2382 809 2434 crodit
825 2383 942 2450 turnum,
964 2383 1024 2437 coll.
1046 2398 1104 2437 cum
1123 2383 1227 2438 Metam.

72 2446 170 2517 tter.
204 2447 300 2501 ¹liltult.
322 2447 370 2515 lv,
397 2452 420 2515 4,
452 2451 493 2505 58.
516 2442 583 2504 ‘Vai
604 2449 670 2504 Fll
713 2451 770 2505 450.
799 2450 910 2518 aliisque
936 2452 1015 2518 locis)
1041 2451 1230 2506 discluderet

72 2520 141 2573 terre
160 2517 310 2571 continente
331 2516 357 2569 et
375 2516 532 2571 concludere
550 2526 637 2586 ponto.
674 2490 775 2572 Nereus
795 2523 890 2585 autem,
904 2518 981 2571 ,Ponti
1001 2506 1132 2574 etlerrad
1151 2519 1228 2586 lilius,

71 2582 180 2639 floridis
201 2584 295 2635 coniux
313 2582 454 2638 Nereidum
475 2599 508 2638 ue
529 2592 617 2653 pater,
635 2591 696 2654 post
712 2584 859 2653 Neptunum
884 2586 991 2640 deorum
1010 2589 1165 2640 marinorum
1181 2585 1231 2640 tuit

69 2649 271 2728 celeberrimus.
308 2649 346 2703 ct
374 2599 481 2706 Hesiofl.
501 2652 598 2719 Theog.
618 2653 668 2708 233
685 2666 756 2729 sqq„
781 2652 879 2720 Orphei
898 2653 923 2706 lr.
941 2652 1019 2707 XlllI.
1055 2653 1178 2722 Apollod.
1195 2652 1229 2721 ll,

70 2720 99 2841 g,
115 2718 157 2775 44.
194 2715 362 2770 Drootudendi
381 2719 496 2786 verbum,
524 2720 593 2787 quod
612 2719 686 2774 Voss.
705 2721 837 2788 poeticum
856 2719 933 2787 dicit,
959 2720 1082 2786 Virgilius
1102 2735 1135 2776 ex
1154 2720 1228 2785 Lacr.

94 2785 180 2841 ,4844
199 2786 304 2850 sumsit,
327 2784 460 2839 Macrooio
477 2793 544 2842 teste
564 2786 617 2841 Sat.
636 2786 685 2855 Vl,
704 2789 729 2842 4.
764 2786 818 2840 Sed
838 2789 916 2841 etiam
936 2786 1030 2843 Cicero
1048 2787 1122 2841 Taso.
1141 2788 1169 2854 l,
1190 2789 1229 2855 40,

72 2852 116 2911 to.
134 2858 163 2908 44
179 2850 200 2918 1,
217 2851 259 2919 33,
276 2852 318 2908 80.
354 2852 433 2906 Varro
450 2852 480 2907 L.
500 2853 529 2908 L.
549 2854 590 2922 lV,
608 2858 633 2910 7.
653 2861 679 2910 44
699 2855 776 2908 (taes.
797 2853 825 2907 B.
846 2855 876 2910 u.
897 2854 951 2920 Vll,
972 2852 998 2907 8.
1020 2868 1053 2909 eo
1072 2860 1183 2910 utuntur.
1198 2882 1228 2895 -

72 2918 117 2977 84.
135 2931 254 2974 rerum
266 2933 408 2975 sumere
424 2916 570 2989 formas,
591 2936 668 2989 quae,
688 2924 763 2990 aquis
782 2921 905 2987 exclusis,
923 2924 950 2973 in
970 2919 1111 2988 superficie
1130 2921 1229 2974 telluris

74 2993 258 3057 apperuemut.
278 2985 318 3040 Gi.
336 2987 412 3042 Lucr.
434 2989 463 3055 V,
481 2990 528 3045 tet
549 3005 607 3059 sqq.
626 2990 660 3045 3'l
678 3003 736 3056 sqq.
747 3015 780 3033 .-
801 2991 874 3054 „stu
905 2992 987 3041 cont
1003 3016 1035 3025 -
1053 2989 1229 3040 coderet-

75 3054 259 3121 taetptouo
295 3054 408 3123 Tempus
425 3070 550 3125 praeseus
567 3072 614 3125 pro
635 3057 792 3135 praeterito:
814 3003 936 3121 canessat,
955 3062 983 3108 ut
1000 3057 1159 3132 stupuerim,
1178 3067 1229 3108 44-

74 3120 189 3178 ciderint
204 3126 273 3187 444.;
293 3122 341 3176 544
360 3123 497 3177 44444444
515 3124 547 3178 44
564 3124 719 3177 viridiorem
737 3123 889 3189 orationem,
907 3124 1026 3191 ut‘quasi
1044 3137 1071 3175 m
1082 3137 1137 3178 rem
1147 3135 1229 3190 prae-

73 3194 177 3245 44444444
192 3188 383 3243 4444444444.α
400 3190 430 3243 11.
466 3189 643 3258 „Consecutio
658 3197 808 3258 temporum
826 3191 948 3257 canebat,
974 3192 1006 3253 ut
1019 3218 1051 3228 -
1066 3185 1182 3258 fuissent
1196 3216 1229 3227 -

74 3256 240 3311 monuero
255 3284 286 3295 -
308 3271 357 3310 444
374 3258 424 3310 ent
438 3287 472 3295 —
490 3261 615 3327 stupeant,
637 3264 725 3316 erunt,
745 3258 840 3325 quibus
858 3259 996 3325 singularis
1011 3272 1116 3327 prorsus
1132 3258 1229 3313 44444-
1306 3280 1309 3289 =

74 3328 129 3389 tur,
155 3322 224 3379 Num
241 3323 274 3377 44
294 3323 344 3379 Per
355 3331 440 3379 ectum
458 3332 485 3380 et
495 3326 621 3380 Praesens
640 3328 780 3394 requiritur
798 3326 875 3392 uouit,
894 3341 945 3380 non
959 3325 1076 3380 4444444.
1112 3325 1166 3382 Sed
1184 3325 1230 3379 ulti

74 3390 144 3447 44444
160 3390 204 3445 444
221 3404 300 3446 54454
319 3391 481 3460 reseruntur,
507 3393 581 3448 uerbi
601 3393 721 3447 narrandi
739 3393 918 3460 oogilaudire,
940 3394 1009 3449 unde
1033 3394 1079 3447 illa
1104 3393 1228 3463 pendent,

73 3458 116 3515 rel
136 3458 281 3524 Praesens,
309 3460 350 3514 ret
376 3461 545 3515 Praeteritum
567 3474 629 3513 usur
649 3467 718 3514 atum
740 3466 796 3527 est,
822 3467 866 3515 444
889 3464 1007 3529 usurpari
1026 3462 1118 3529 potuit.
1154 3460 1229 3526 ltine,

73 3538 152 3595 ῃιιι
170 3527 313 3593 scriptores
332 3527 366 3581 44
386 3527 412 3580 44
431 3535 549 3596 tempus,
568 3476 646 3595 quorf
656 3527 757 3594 eligere
777 3534 910 3596 poterant,
928 3542 979 3581 non
998 3541 1061 3583 uero
1080 3539 1228 3602 usurpare-

72 3598 135 3661 mt,
153 3592 294 3647 verborum
312 3598 479 3662 sequentium
498 3602 616 3664 tempora
630 3595 744 3661 dirigere
763 3594 831 3648 haud
845 3597 957 3648 cunctati
974 3598 1025 3649 sint
1053 3599 1089 3646 tot
1104 3596 1229 3647 orationis

72 3658 197 3731 eitiqm
215 3662 371 3717 mutationes
398 3668 424 3717 44
441 3663 599 3717 variationes
623 3662 784 3730 repetendae
811 3661 898 3716 sunt“
922 3659 960 3717 W.
998 3633 1036 3715 Gl‘.
1056 3660 1159 3714 ltmaslr.
1184 3658 1228 3713 Gr.

71 3724 126 3783 lat
148 3726 177 3793 §.
198 3727 255 3783 479.
278 3729 301 3784 l.
318 3758 353 3768 -
376 3729 419 3786 88.
438 3729 537 3784 Sensus
556 3734 610 3785 est:
630 3729 755 3797 canebat,
780 3728 911 3797 quomodo
928 3743 961 3781 va
981 3742 1041 3782 ores
1066 3732 1093 3782 et
1116 3726 1230 3783 nebulae

71 3792 180 3851 44444444
197 3808 246 3849 544
264 3801 368 3852 eterra
384 3811 486 3851 sursum
504 3811 596 3852 versus
615 3798 701 3853 elatae
719 3796 926 3864 aornosplraeram
946 3743 1096 3862 erleceriat,
1114 3794 1184 3849 4444
1202 3796 1229 3848 44

70 3862 175 3933 pluvias
194 3868 310 3918 mutatae
334 3879 395 3917 mor
412 3866 506 3919 iterum
529 3867 556 3917 in
572 3870 665 3920 terram
690 3864 852 3918 deciderent.
895 3862 942 3916 Wa
962 3877 984 3916 n.
1012 3861 1045 3917 ad
1070 3860 1097 3917 h.
1116 3862 1134 3917 l.
1161 3861 1230 3917 haec

71 3928 240 4001 adscripsit?
299 3931 383 3984 ttius
407 3946 466 3985 oum
484 3932 606 4000 l'articip.
632 3932 756 3984 submotis
773 3930 856 3997 iungit
872 3877 984 3993 warin
1008 3944 1061 3985 uon
1082 3935 1169 3996 rectc3
1193 3932 1231 3984 ita

70 3998 141 4053 euin
159 3929 314 4067 quum'fgre
330 3999 460 4055 redundet
479 4000 571 4066 attius,
597 3998 787 4078 non'debelrat
808 4000 836 4050 iu
863 3999 920 4065 ipso
938 4013 1030 4053 versus
1050 3999 1123 4051 initio
1142 3997 1230 4052 cello-

70 4066 140 4131 cart3
160 4065 323 4131 innuendum
340 4069 419 4133 igitur
435 4067 515 4120 attius
531 4067 634 4122 444444.
657 4082 675 4119 1.
698 4080 724 4120 4.
749 4080 786 4118 eo
803 4065 856 4119 otto
874 4065 986 4130 codout;
1013 4080 1072 4119 nam
1090 4079 1230 4132 compara-

68 4132 124 4187 tlre
154 4145 221 4185 usus
251 4138 293 4187 est
321 4134 414 4203 poeta,
446 4134 517 4201 quod
553 4140 630 4190 autea
657 4131 764 4185 lrrrmida
800 4134 879 4185 mixta
909 4139 936 4187 et
965 4136 1054 4187 iuncta
1076 4137 1149 4186 erant
1172 4134 1230 4185 sio-

70 4198 144 4267 4454*
178 4203 272 4267 postea
294 4206 380 4256 444444
409 4200 442 4255 44
458 4203 523 4256 Aen.
551 4202 603 4269 lli,
627 4203 702 4265 2544,
732 4203 832 4252 mutans
854 4203 1009 4255 sententiam
1034 4214 1123 4267 suam,
1150 4199 1231 4253 attius

68 4280 129 4321 en-
152 4278 235 4321 rersu
256 4268 433 4334 praecedente
465 4269 675 4336 coniungendun
698 4271 726 4320 44
750 4271 810 4321 4444
835 4282 852 4319 4
896 4281 911 4320 4
941 4268 1107 4324 4444444444
1132 4268 1229 4333 statuit,

67 4348 150 4405 qum
168 4333 236 4387 alias
252 4346 380 4403 nusquam
397 4336 520 4403 Virgilius
533 4337 654 4404 copulam
673 4335 750 4400 utque
767 4335 811 4386 444
828 4347 861 4389 44
889 4335 1007 4403 pluribus
1025 4332 1134 4388 vocibus
1151 4339 1229 4402 post·

66 4398 283 4473 mereseium.
317 4402 382 4457 44444
398 4405 470 4472 prior
492 4405 558 4458 ratio
581 4401 755 4472 praeferenda
774 4399 893 4469 ridetur,
924 4402 1030 4471 languet
1055 4401 1125 4458 enim
1143 4400 1230 4457 ⁴ultius
