2676 4950
485 340 690 402 Gnnnctcott
711 340 777 401 titt.
800 342 820 400 Ι.
1187 337 1251 403 219

89 511 125 570 nt
148 525 288 585 suspensa
310 507 384 567 locis
406 508 535 585 explorat
555 507 661 566 robora
684 506 784 565 lamus.
1192 500 1252 567 175

177 593 292 651 Possum
315 592 399 650 multa
418 592 470 650 tint
491 595 619 649 veterum
641 593 797 666 praecepta
818 589 938 664 reterre,

89 675 127 735 Ni
148 675 268 750 refugis,
290 678 440 748 tenuisque
461 679 541 749 piget
565 689 740 748 cognoscere
763 689 855 732 ouras.

89 761 167 818 Area
189 775 252 817 cum
273 761 371 832 primis
392 760 499 832 ingenti
520 755 669 832 aequanda
692 754 830 831 cylindro,

89 1012 200 1066 uterquc
229 999 272 1053 vel
295 997 435 1053 tollebatur
459 998 500 1053 vel
520 998 729 1066 deprimebatur,
755 995 919 1049 conficienda
944 1009 1004 1051 esse
1030 996 1139 1066 dicitur,
1168 1016 1254 1069 qaae

90 1080 223 1121 carrea
245 1067 328 1118 imos
345 1081 364 1118 a
388 1069 489 1134 terpo
508 1069 685 1134 torqueat,
708 1065 733 1117 h.
755 1078 778 1117 e.
802 1069 912 1116 aratrum
929 1065 1014 1131 ipsum
1035 1068 1098 1119 rotis
1115 1068 1252 1122 subnixum

89 1134 152 1201 (sed
173 1133 235 1195 ride
250 1132 317 1186 inira
335 1133 454 1195 monitat.
490 1132 527 1186 itt.
546 1135 611 1187 Plio.
629 1131 719 1199 lllllll,
737 1133 778 1188 48.
816 1129 938 1184 Ceterum
959 1146 1010 1184 nou
1028 1139 1126 1188 temere
1146 1138 1171 1187 ia
1190 1137 1214 1188 1.
1235 1139 1251 1191 l.

89 1201 235 1255 haerentes
253 1200 291 1254 lo.
309 1199 448 1255 Schrader.
468 1214 491 1253 v.
514 1202 568 1256 174.
588 1206 614 1255 et
634 1200 690 1255 173.
711 1197 918 1266 transponendus
939 1213 999 1252 esse
1019 1203 1134 1268 censuit,
1160 1202 1253 1257 Marti-

88 1282 138 1323 nus
159 1273 247 1321 antem
265 1281 312 1335 pro
330 1268 399 1334 vulg.
419 1269 524 1336 altaque
545 1264 624 1336 [apae
650 1266 772 1334 Stioapoe
795 1264 935 1332 legendum
959 1280 1020 1322 esse
1042 1272 1125 1322 suasit
1149 1271 1254 1340 altaque

87 1331 170 1405 {ma
190 1333 278 1387 Stiooe
295 1333 346 1399 (sc.
360 1335 486 1399 caeditur,
505 1341 532 1389 ut
544 1343 620 1389 autea
638 1335 691 1387 titio
708 1335 782 1402 iupa:
800 1332 919 1386 caeditur
936 1331 1010 1396 lapus
1028 1337 1054 1385 ia
1073 1351 1147 1389 usum
1160 1341 1253 1406 stivae,

88 1408 120 1456 ut
142 1401 207 1456 inde
235 1403 302 1455 stiva
328 1400 399 1468 liat);
437 1417 514 1470 quam
539 1404 716 1456 coniecturam
753 1415 832 1468 quum
859 1398 1051 1466 parallelismns
1080 1405 1253 1459 membrorum

89 1471 205 1524 1111111111
225 1468 398 1536 commendet,
417 1476 444 1525 et
462 1470 582 1536 vulgatae
601 1471 684 1535 origo,
704 1469 746 1522 vel
765 1483 780 1520 1
797 1473 925 1534 sequente
943 1480 1017 1534 qaae,
1036 1469 1078 1523 vel
1099 1484 1113 1523 a
1132 1471 1255 1526 librario-

88 1550 146 1591 rum
164 1538 336 1615 perversitate
358 1536 530 1602 deducenda,
555 1538 599 1605 qui
626 1532 830 1656 altapaefflcs
853 1535 919 1588 male
945 1534 979 1586 ad
1004 1537 1090 1602 priora
1115 1537 1253 1604 traherent,

88 1603 216 1659 tacillunc
241 1605 326 1670 possit
343 1605 486 1672 explicari,
514 1618 573 1658 curu
595 1604 706 1662 tassio,
759 1615 872 1666 ausone,
899 1601 1031 1656 ll'uaderl.
1056 1609 1084 1657 et
1107 1605 1197 1659 latinio
1215 1610 1254 1662 tto

88 1673 180 1741 priore
198 1670 277 1736 edit.)
294 1672 349 1725 reci
368 1672 473 1726 ieodam
499 1671 574 1737 duxi3
599 1673 717 1739 quamvis
740 1671 892 1723 adversetur
911 1666 1012 1735 Wagn,
1031 1670 1078 1733 Qu.
1098 1671 1167 1739 virg.
1185 1673 1253 1728 lllll

88 1753 117 1808 p.
136 1686 433 1794 433.l1aecscriiens:
452 1739 527 1805 „Nec
545 1740 589 1817 qui
610 1739 676 1793 Geo.
694 1737 715 1796 l,
736 1739 792 1792 175.
828 1734 915 1789 strae
934 1751 980 1804 pro
993 1736 1114 1806 Stioapae
1131 1740 1253 1796 scriben-

89 1806 151 1859 dam
169 1810 269 1873 putant,
290 1819 367 1859 aures
385 1808 412 1858 in
423 1806 640 1860 deliberationem
654 1804 836 1858 adhibuerunt.
872 1802 937 1856 Naar
954 1808 982 1856 ut
1003 1806 1155 1866 concedam,
1173 1823 1254 1876 posse

88 1872 150 1927 illos
168 1872 324 1927 senteutiam
342 1887 416 1926 suum
440 1888 472 1927 eo
499 1875 583 1939 tueri,
601 1872 672 1940 quod
691 1871 810 1926 llelativo
837 1885 904 1938 quae
928 1872 1011 1924 oratio
1031 1880 1164 1933 nectatur,
1193 1891 1254 1929 mo.

88 1940 234 1997 lectissima
253 1945 294 1993 est
318 1946 406 1994 tamen
424 1939 492 1995 haec
516 1942 582 1993 ratio
602 1944 750 2006 propterca,
770 1937 839 2004 quod
861 1938 1024 2005 praecedens
1041 1953 1148 2008 versus,
1175 1947 1254 1998 tueris

88 2006 235 2063 decurrens
260 2007 384 2074 dactylis,
413 2009 482 2062 male
507 2010 674 2074 exciperetur
696 2020 772 2060 versu
806 2003 984 2072 spondaico;“
1017 2013 1043 2061 et
1067 2007 1116 2070 Qu.
1142 2006 1253 2065 ttttxtll.

87 2088 115 2145 p.
134 2074 209 2130 14111
235 2071 341 2142 „Faprre
358 2073 493 2143 Sdoapac,
519 2076 538 2127 i.
557 2089 583 2129 e,
602 2075 668 2127 stiva
698 2073 811 2140 lagioea.
846 2071 900 2126 Sed
922 2086 1009 2140 quom,
1030 2078 1192 2142 praegressis
1213 2078 1254 2133 liis

89 2141 209 2197 caeditur
226 2141 288 2207 titia,
308 2145 424 2196 ruinosa
444 2149 470 2196 te
490 2141 543 2194 dici
566 2142 713 2195 videretur:
739 2140 856 2193 caeditur
882 2140 949 2192 atico
973 2137 1093 2209 lupiaco,
1123 2144 1201 2210 podta
1218 2148 1255 2200 ita

88 2206 208 2263 sonuere
233 2209 337 2262 maluit:
365 2157 484 2263 caeditur
508 2205 587 2277 sapas
613 2209 681 2261 atico
716 2208 758 2261 c.“
793 2207 936 2270 cuamtnas
964 2210 1033 2262 enim
1053 2210 1183 2276 vulgatam
1202 2213 1255 2268 de-

88 2274 229 2331 iendeotes
248 2276 281 2330 de
301 2275 382 2341 ligura
402 2276 462 2333 ἑνὸς
478 2275 525 2327 διὰ
544 2276 623 2326 doctr
644 2273 693 2342 (c.
713 2276 811 2329 adnott.
839 2273 870 2326 ad
894 2273 950 2327 dcl.
970 2274 1010 2343 ll,
1033 2275 1074 2344 8.)
1099 2281 1254 2347 cogitemus,

89 2342 223 2413 inpedire
241 2343 344 2398 videtur
368 2344 544 2409 coniungendi
569 2344 635 2396 ratio
659 2358 708 2410 per
725 2343 822 2410 duplex
846 2356 901 2409 pac.
935 2341 1002 2398 Vide
1022 2358 1099 2411 supra
1118 2347 1150 2399 ad
1169 2362 1193 2399 v.
1212 2350 1253 2404 52.

90 2408 162 2463 lulio.
182 2413 209 2461 iu
228 2409 289 2463 edit,
309 2410 342 2463 ll.
361 2413 476 2465 restituit
494 2409 577 2463 Codd.
596 2410 752 2465 lectionem:
781 2409 904 2462 Cocdilcr
922 2411 947 2462 ei
962 2411 1016 2463 tilia
1034 2414 1170 2479 antenaco
1191 2416 1256 2468 levio

89 2478 198 2545 amque
215 2472 300 2544 [apua
321 2476 448 2544 Sdoapae,
470 2492 539 2545 pace
556 2483 618 2542 etc,
633 2484 661 2529 ut
677 2492 771 2532 sensus
788 2478 837 2530 sit:
858 2476 1001 2531 caeduntur
1019 2479 1073 2532 titia
1093 2486 1119 2534 et
1137 2471 1212 2548 lagos
1229 2485 1256 2536 in

88 2558 167 2598 usum
185 2545 251 2611 iugi,
270 2551 296 2598 et
316 2544 438 2600 caeditur
453 2548 527 2611 stiva,
550 2559 617 2613 quae
638 2558 740 2598 currum
759 2550 894 2611 torqueat3
923 2558 992 2611 utrae
1011 2552 1096 2601 tameo
1116 2551 1182 2601 ratio
1205 2549 1257 2604 loc

88 2610 173 2666 habet
198 2611 364 2675 incommodi,
389 2618 418 2664 nt
441 2619 545 2681 praeter
573 2611 758 2666 necessitatem
787 2612 838 2664 duo
864 2609 982 2664 arborum
1006 2627 1104 2679 genera
1127 2618 1189 2682 iugo
1208 2632 1256 2670 as-

87 2680 241 2747 signentur,
270 2681 337 2732 stiva
361 2685 448 2734 autem
477 2681 554 2733 nimis
579 2678 649 2733 nude
672 2686 789 2746 ponatur,
814 2679 893 2744 ligno,
917 2691 949 2731 ex
968 2694 1019 2746 quo
1038 2682 1202 2737 conicienda
1222 2687 1257 2738 sit

87 2761 142 2801 nou
163 2752 377 2800 commemorato.
412 2747 551 2801 Praeterea
569 2746 660 2812 Wagn.
683 2745 775 2813 (quem
794 2745 838 2798 laic
855 2747 881 2796 in
901 2746 988 2810 priore
1008 2748 1070 2801 edit.
1090 2754 1189 2806 temere
1207 2766 1256 2808 se-

89 2816 145 2869 cuti
163 2814 267 2877 sumus)
287 2827 320 2867 ex
334 2815 415 2870 Paris.
430 2815 455 2869 2.
472 2814 496 2868 3.
516 2828 562 2881 pro
580 2815 649 2879 vulg‘.
668 2827 708 2867 cn
716 2827 799 2866 rrae
818 2826 880 2866 rece
899 2813 920 2862 it
938 2827 1040 2880 carcar,
1061 2816 1132 2882 parad
1150 2817 1256 2875 Schola.

88 2880 124 2937 de
143 2880 229 2934 Aratri
248 2880 355 2933 Romani
376 2880 457 2934 torma
475 2888 500 2935 et
520 2882 709 2948 compositione
727 2881 823 2943 (lenae
847 2882 857 2932 1
894 2880 919 2932 0.
938 2880 977 2943 8.)
1001 2896 1026 2946 p.
1045 2882 1078 2935 34
1097 2896 1154 2950 sqq.
1180 2891 1256 2940 vetus

87 2952 204 3003 aratrum
222 2962 297 3000 curru
315 2961 338 3001 s.
357 2947 478 3002 machina
498 2950 564 3002 rotis
582 2949 706 3000 instructa
729 2947 785 3012 (cin
803 2943 976 3013 Pilappeatelo
996 2948 1113 3002 caruisse
1137 2952 1255 3007 evicerit.

74 3016 178 3081 ,Quum
197 3021 284 3069 tamen
299 3015 407 3070 Servius
426 3015 547 3070 adnotet:
567 3028 681 3081 „marrae
693 3013 757 3067 dixit
771 3020 877 3082 propter
896 3027 993 3066 morena
1011 3016 1161 3082 provinciae
1182 3032 1255 3078 suae,

89 3084 119 3137 in
131 3096 185 3151 uua
203 3088 288 3135 aratra
307 3083 405 3137 natent
424 3090 510 3155 rptas,
537 3081 630 3150 quibus
654 3080 805 3148 iuvantur‚“
830 3093 897 3132 nunc
925 3081 950 3131 in
969 3087 1115 3136 ceterorum
1134 3083 1257 3140 librorum

89 3152 209 3203 omnium
233 3150 351 3205 lectione
382 3151 604 3218 acquiescendum
629 3163 690 3204 esse
714 3151 814 3204 censui.
850 3176 881 3185 -
918 3150 975 3204 175.
995 3149 1162 3218 „dolorm
1188 3152 1211 3206 lt.
1232 3169 1255 3209 e.

90 3219 244 3271 materias.
265 3217 362 3282 lignum
391 3218 461 3272 unde
480 3218 548 3271 hoec
566 3215 744 3282 conficiantur,
771 3213 862 3284 [amo
880 3214 977 3269 durata
995 3231 1056 3274 esse
1075 3217 1180 3274 delent.
1217 3220 1256 3277 Cl.

87 3283 289 3351 11111111.Ἕργ.
301 3285 344 3339 45.
358 3256 416 3340 629.
429 3313 462 3324 -
481 3285 652 3350 captarat
666 3284 770 3337 videtur
789 3285 935 3350 exprimere
953 3291 1068 3338 naturam
1088 3286 1159 3354 lumi,
1177 3302 1257 3355 quum

88 3352 164 3407 lente
181 3365 230 3418 per
248 3353 359 3405 minutas
377 3353 518 3419 particulas
537 3365 598 3404 sese
620 3352 747 3418 insinuat,
768 3358 797 3404 ut
814 3350 869 3414 iter,
889 3351 954 3418 ciac,
974 3353 1096 3405 tenebras
1113 3357 1258 3422 explorare

88 3419 212 3473 dicimur.
248 3418 338 3473 Potest
362 3425 450 3474 tamen
476 3421 555 3473 etiam
579 3417 675 3471 dictum
702 3432 778 3489 osse,
804 3423 831 3470 ut
849 3420 935 3485 poetis
953 3419 1159 3487 aliasprodare,
1178 3423 1257 3477 atde

88 3486 210 3541 nouitate
235 3484 299 3551 ligni
328 3485 390 3540 iude
417 3491 531 3550 constet,
556 3487 606 3537 nisi
632 3485 701 3538 enim
726 3483 825 3537 lirinum
854 3493 880 3542 et
897 3484 1004 3554 probum
1024 3488 1072 3553 sit,
1097 3502 1257 3542 exarescens

86 3554 170 3608 mutas
196 3553 282 3619 afleti*
311 3552 343 3606 ll.
378 3553 451 3606 llauc
476 3554 582 3606 alteram
608 3552 825 3618 explicationem,
853 3557 904 3607 iarn
929 3566 942 3604 1
968 3553 1060 3606 Servio
1088 3557 1257 3622 propositam,

87 3636 150 3675 cum
174 3619 270 3673 Vossio
297 3619 435 3688 praeier03
453 3634 610 3740 guerraquam
635 3619 770 3673 Schiracn.
796 3634 822 3685 p.
841 3623 899 3677 404.
923 3621 1003 3686 priori
1029 3621 1157 3674 calculum
1182 3636 1258 3675 suum

87 3688 172 3746 1111111,
194 3701 348 3752 ccinparans
369 3687 449 3742 Hesio
472 3687 573 3755 .”Epy·
592 3687 650 3741 627.
668 3687 802 3748 πηδάλιον
820 3685 847 3737 d'
868 3685 976 3753 drappis
994 3684 1060 3751 ὑπὲρ
1078 3689 1185 3740 καπνοῦ
1199 3693 1257 3756 κρί-

84 3759 210 3825 praedae.
246 3754 294 3806 Pro
313 3761 421 3874 recepta
439 3760 524 3808 autern
544 3755 658 3807 lectione
677 3755 814 3819 captarat,
840 3769 918 3875 poam
940 3753 1018 3818 Med,
1047 3754 1129 3808 Goth:
1149 3757 1258 3812 11111-

87 3836 142 3893 que
171 3821 234 3874 ltoni
260 3821 320 3874 libri
346 3837 378 3876 ex
398 3822 483 3886 ibent,
515 3821 592 3885 vulgo
616 3823 643 3872 in
669 3821 745 3874 codd.
772 3827 798 3875 et
824 3835 838 3874 e
861 3825 898 3874 itt.
918 3821 986 3875 male
1005 3821 1100 3887 legitur
1119 3827 1241 3892 exploret
1248 3843 1257 3890 ;

85 3889 155 3945 nihil
181 3890 254 3943 enim
281 3890 410 3956 praecipit
433 3887 571 3954 Virgilius,
599 3887 646 3940 sed
671 3894 770 3946 narrat,
797 3902 865 3954 quae
889 3888 945 3941 lieri
970 3888 1087 3957 soleant,
1113 3891 1258 3960 (clamatur,

88 3959 234 4026 aptunwr,
258 3956 392 4023 caeditur)
421 3962 447 4010 et
473 3954 516 4008 hic
544 3969 649 4021 qooqoe
676 3970 733 4010 ev.
755 3957 809 4010 173.
833 3971 861 4010 re
882 3955 1002 4009 eteodam
1022 3962 1148 4013 estante.
1185 3959 1258 4013 Coo-

85 4026 223 4079 iauctivus
245 4023 360 4076 lilirariis
379 4023 498 4081 debetur,
521 4023 640 4088 deceptis
661 4023 838 4089 praecedente
858 3972 1029 4077 goniunctivo
1050 4028 1176 4093 torqueat.
1204 4028 1260 4082 Ce-

87 4098 177 4148 terum
198 4090 232 4145 de
252 4091 322 4142 ouini
348 4091 400 4143 lroc
427 4091 486 4142 loco
513 4088 546 4143 cl.
567 4089 661 4155 lieynii
680 4089 741 4142 Exc.
763 4089 783 4142 l.
804 4091 836 4143 ad
861 4090 887 4142 h.
907 4091 923 4142 1.
946 4091 978 4143 de
996 4094 1089 4146 aratra
1114 4093 1258 4162 Virpitiano,

87 4166 116 4215 ct
156 4172 209 4212 uae
228 4156 266 4210 ibi
288 4157 379 4225 Wagn.
399 4157 507 4210 adierit.
542 4185 573 4195 -
611 4157 667 4211 176.
689 4171 746 4224 sqq.
774 4157 888 4210 Excusat
904 4157 983 4224 poe'ta
1001 4163 1179 4222 argimientom
1198 4177 1259 4216 car-

87 4172 180 4293 miras,
202 4226 285 4278 cuius
299 4228 365 4278 ratio
386 4224 516 4293 postulet,
542 4229 569 4276 ut
588 4225 665 4277 etiam
685 4224 718 4278 de
744 4225 873 4278 eiusmodi
895 4226 1057 4280 tennioribus
1073 4227 1166 4294 rebus,
1191 4243 1260 4307 quae

86 4308 141 4365 per
158 4308 189 4348 se
208 4307 260 4345 noa
283 4294 369 4358 magni
389 4293 511 4346 momenti
529 4292 587 4356 sint,
606 4304 691 4343 sermo
706 4294 862 4344 instituatur.
880 4322 907 4334 -
928 4293 1155 4359 1111111111,
1174 4292 1251 4347 ‹tu-⁰³

85 4367 212 4417 veterum
230 4360 399 4424 cogitandum
418 4364 474 4420 est3
499 4359 544 4427 qui
562 4363 618 4412 erat
636 4359 710 4412 locus
727 4361 754 4411 in
772 4361 830 4426 ipso
855 4373 917 4429 agro
935 4359 1031 4414 editior
1047 4366 1076 4416 ct
1095 4362 1176 4416 lenite

88 4430 179 4496 clivis,
197 4427 355 4496 plerumque
372 4425 507 4492 rotundus,
527 4439 579 4493 qua
595 4430 688 4480 reatus
706 4424 816 4494 periore
836 4431 943 4494 posset,
967 4426 1069 4482 solidus
1088 4443 1122 4484 ac
1138 4442 1160 4485 ct
