2714 4936
441 301 445 312 ’
504 312 718 389 6663656015.
761 315 828 379 niu.
851 317 880 388 I<

119 484 176 545 hut
198 450 289 544 dulcis¹
310 483 394 543 musti
417 481 541 544 Vulcano
564 482 700 562 decoquit
720 484 876 563 humorem,

119 568 156 628 Et
177 569 254 628 loliis
276 566 378 626 undam
400 567 505 643 trepidi
529 568 677 644 despumat
703 574 778 630 uini.

202 652 239 711 ht
260 649 417 712 rubicunda
439 650 525 711 Ceres
547 652 641 714 medio
664 652 822 715 succiditur
843 657 935 732 aestu,

120 780 329 793 -..-—-

119 848 146 898 in
163 847 262 900 laterna
284 858 395 911 cornea,
421 844 471 896 vid.
498 843 653 915 55551555
672 843 728 897 Ecl.
747 842 776 911 X,
796 845 852 912 59.)
878 845 1028 899 commatum
1042 847 1134 915 perio?
1170 846 1206 902 Cf.
1229 850 1281 903 ad.

118 920 183 966 nott.
205 912 237 966 ad
256 911 312 965 Ecl.
332 911 373 978 lV,
392 912 434 967 32.
453 911 482 979 V,
501 913 542 968 69.
578 913 644 966 Aen.
664 912 691 979 l,
712 914 765 967 577.
792 943 825 952 -
849 915 1015 981 decoquit
1035 915 1154 983 155555
1176 917 1179 981 l
1204 932 1279 974 5555.

118 980 252 1058 Habemus
271 979 313 1031 hic
334 983 443 1045 primunr
468 980 616 1048 exemplum
640 994 731 1033 versus
758 979 930 1059 bypc'rnretri,
956 981 1026 1048 quod
1051 996 1134 1048 gentas
1158 997 1281 1038 versnunr

120 1048 207 1102 655555
225 1053 292 1102 15515
310 1046 341 1099 Ν.
360 1047 392 1099 Α.
410 1047 466 1113 Xll,
485 1047 511 1101 2.
531 1048 599 1115 apud
613 1046 742 1100 Rotnanos
764 1047 862 1100 hrrrurus
880 1047 925 1113 [cl.
945 1049 1036 1103 Annal.
1048 1048 1099 1114 XV,
1115 1051 1137 1105 6.
1158 1056 1184 1105 55
1201 1052 1278 1119 XVll,

117 1116 161 1170 26.
180 1129 204 1182 5.
215 1115 269 1171 558.
280 1119 306 1168 55
318 1115 373 1168 153.
391 1114 431 1167 ed.
447 1114 720 1181 Spengenb.)prinrus
731 1116 756 1167 in
773 1129 848 1167 usurn
863 1116 962 1168 induxit
974 1123 1000 1169 55
1012 1119 1172 1182 posteriores
1183 1119 1281 1185 poetae

118 1184 175 1239 5555
193 1195 283 1236 omncs
302 1180 371 1236 haud
388 1196 446 1234 raro
462 1180 629 1236 admiserunt.
661 1181 768 1235 Constat
782 1187 878 1248 autern,
895 1182 986 1249 555555
1001 1184 1129 1237 Romanos
1149 1187 1280 1239 eiusmodi

118 1264 211 1304 versus
230 1262 336 1316 semper
353 1250 389 1302 555
408 1251 596 1315 composuisse,
617 1255 644 1301 ut
661 1249 761 1316 syllaba
777 1249 910 1303 abundans
929 1251 954 1301 in
973 1249 1079 1305 brevem
1096 1253 1216 1306 vocalem
1235 1260 1280 1307 aut

117 1318 220 1372 literam
243 1331 269 1368 nc
289 1318 384 1382 exiret,
402 1319 534 1383 proximus
554 1323 641 1371 antem
660 1330 751 1370 versus
772 1318 889 1369 avocati
913 1318 1050 1384 inciperet,
1070 1321 1159 1384 itaque
1178 1319 1279 1386 syllaba

118 1384 165 1438 illa
183 1384 295 1438 elisione
324 1383 516 1450 quodammodo
534 1386 645 1452 periret,
672 1398 752 1451 qnare
773 1386 851 1438 etiarn
868 1384 1019 1452 plerumque
1037 1386 1096 1438 talis
1115 1400 1206 1439 versus
1225 1387 1277 1453 hy-

116 1457 250 1519 permeter
275 1465 334 1503 curn
357 1457 486 1518 sequente
513 1453 657 1504 arctissime
685 1451 809 1506 cohaeret
833 1453 1037 1519 nequemaiore
1059 1452 1276 1508 distinctionem

117 1535 151 1574 eo
169 1520 315 1583 5555555555
341 1516 385 1582 [ci.
408 1519 474 1572 655.
494 1519 532 1584 ll,
551 1519 608 1573 344.
636 1518 686 1583 lll,
705 1519 762 1573 242.
784 1519 843 1573 357.
879 1519 945 1572 Aen.
965 1518 985 1583 l,
1004 1518 1062 1573 332.
1080 1520 1144 1576 448..
1161 1519 1199 1584 55,
1217 1522 1276 1575 745.

116 1585 160 1651 511,
180 1586 240 1642 558.
265 1584 294 1651 V,
312 1585 371 1640 422.
392 1586 450 1641 753.
475 1585 595 1652 15552.
624 1586 679 1650 5155,
699 1586 754 1641 160.
782 1585 848 1652 Vlll,
866 1586 924 1642 228.
943 1585 996 1650 lx,
1014 1586 1073 1641 650.
1098 1585 1135 1652 Χ,
1156 1588 1276 1645 tenxa

117 1654 193 1717 608.;
226 1666 381 1719 quamquam
405 1653 534 1707 interdurn
560 1654 638 1707 etiarn
663 1653 740 1706 liuius
772 1655 889 1706 arctioris
916 1666 1048 1707 connexos
1073 1654 1143 1706 nulla
1167 1653 1279 1709 habetur

116 1723 183 1775 ratio
203 1720 249 1784 [cl.
270 1720 335 1774 655.
356 1719 388 1784 ll,
405 1721 464 1775 443.
498 1721 565 1775 Aen.
583 1720 624 1786 lV,
643 1720 701 1775 629.
731 1719 787 1786 Vll,
805 1722 863 1775 470.
881 1719 911 1785 Χ,
929 1720 1012 1784 895).
1050 1721 1190 1777 Praeterea
1216 1727 1276 1774 stu-

117 1789 194 1842 diose
214 1787 335 1841 videntur
352 1790 466 1842 evitasse
481 1788 585 1855 555555,
606 1793 633 1840 nt
649 1787 720 1840 illarn
735 1787 861 1854 syllabam
880 1789 972 1842 elisam
991 1787 1078 1841 brevis
1098 1789 1276 1854 antecederet,

116 1869 151 1909 ne
171 1869 238 1910 voce
256 1857 331 1921 quasi
351 1861 459 1922 repente
487 1858 633 1922 intercepta
659 1860 686 1909 et
710 1855 835 1909 haerente
862 1855 1277 1922 5555555551555555555555555

117 1927 159 1976 est
177 1924 203 1974 in
221 1921 272 1979 hne
291 1922 450 1988 hexametri,
474 1937 580 1990 prorsus
606 1921 661 1977 5555
688 1923 806 1976 interiret
828 1923 923 1989 vixque
944 1922 1084 1975 audiretur.
1121 1923 1170 1984 055
1190 1929 1278 1976 antero

116 1989 180 2042 huic
200 1989 375 2044 observatiam
395 1992 424 2052 (5
436 1990 586 2045 Weicherto
605 1992 632 2042 ln
644 1988 709 2044 libro
729 2003 787 2042 rnen
802 1989 871 2042 laud.
891 1989 965 2056 523.
984 1991 1094 2056 primum
1111 1992 1277 2057 5555555155)
1341 2010 1344 2017 ’

115 2071 151 2111 ex
169 2058 268 2122 vulgari
296 2060 423 2124 scriptura
447 2057 616 2111 adversantur
641 2063 693 2110 tres
710 2056 754 2109 Vir
774 2057 812 2109 ilii
830 2057 896 2122 loci,
919 2056 985 2110 655.
1005 2056 1025 2123 l,
1044 2057 1083 2111 69.
1105 2057 1151 2120 555,
1171 2057 1230 2111 449.
1251 2059 1278 2110 55

116 2126 185 2179 hen.
206 2124 335 2190 515333..
356 2125 453 2177 dudum
484 2139 516 2178 eu
535 2125 672 2179 meliorum
692 2073 774 2178 houd.
796 2126 949 2178 auctoritate
969 2123 1099 2178 emendati
1118 2130 1186 2177 sunl.
1223 2123 1277 2188 (65.

116 2191 150 2244 ad
168 2206 200 2246 ea
220 2193 363 2254 adnotata.)
398 2193 455 2246 Vid.
470 2193 596 2258 imprimis
611 2191 755 2246 Weicherti
774 2189 926 2245 6555555555.
946 2191 980 2245 de
998 2191 1081 2244 Versu
1098 2191 1182 2245 Podtt.
1199 2190 1277 2258 Epic.

115 2259 297 2327 Hypermetrc.
339 2261 468 2314 Grimmae
495 2260 569 2315 5859.
606 2264 744 2327 praeterea
768 2264 854 2312 antem
880 2259 984 2312 Santen.
1011 2259 1044 2311 ud
1065 2258 1168 2313 levent.
1193 2257 1277 2313 155555.

84 2354 89 2363 ·
138 2327 222 2382 .l53.
257 2326 346 2381 lleins.
366 2327 398 2380 ad
416 2328 481 2382 Aen.
501 2325 547 2384 551.
565 2326 624 2382 684.
658 2326 730 2380 lahn.
750 2325 782 2379 ad
804 2325 870 2380 655.
889 2324 922 2392 51,
940 2326 982 2381 69.
1004 2324 1128 2392 idemque
1146 2325 1179 2379 ad
1199 2324 1277 2377 95555.

145 2399 179 2448 55.
198 2392 240 2459 lX,
261 2396 315 2449 595.
336 2400 362 2448 55
379 2409 438 2449 ntea
457 2394 490 2447 ad
508 2393 612 2448 Lucret.
633 2393 674 2451 IV,
693 2394 765 2449 5006.
792 2420 826 2433 —-
858 2393 918 2449 296.
948 2392 1038 2460 Foliis,
1056 2394 1190 2513 vitifiuels
1208 2391 1278 2445 hand

115 2461 210 2525 dubie,
231 2460 359 2515 delrutnrn
378 2461 505 2516 iacientes
519 2468 630 2515 inustum
645 2461 800 2529 despnnrare
817 2460 944 2527 solebant,
963 2459 1043 2527 quod,
1064 2461 1087 2512 si
1115 2462 1177 2525 igno
1196 2462 1277 2512 attin-

103 2534 230 2595 geretur,
247 2542 368 2595 saporem
387 2529 448 2581 lunii
468 2528 597 2583 attrahere
617 2529 762 2596 putabatur.
798 2527 850 2593 (65.
868 2529 931 2581 Plio.
952 2528 968 2580 l.
988 2528 1020 2595 5.)
1046 2528 1095 2580 Ρ55
1113 2528 1205 2581 aeneis
1226 2541 1278 2579 au-

115 2604 169 2650 tenr
190 2597 261 2648 vasis
281 2595 380 2648 Colum.
399 2596 460 2663 Xll,
479 2597 521 2651 20.
541 2597 566 2652 9.
595 2596 718 2662 plumbea
734 2596 789 2648 vult
806 2595 941 2661 adhiberi,
960 2608 994 2649 ue
1012 2596 1039 2647 in
1059 2596 1211 2660 aeruginem
1231 2596 1277 2647 iu-

116 2663 215 2716 cidant.
250 2662 299 2716 Pro
318 2664 335 2715 d
342 2678 377 2716 es
383 2667 502 2730 pumat
517 2668 612 2728 aulem,
631 2665 649 2716 5.
665 2677 687 2717 5.
707 2677 824 2730 spumam
844 2662 938 2718 delicit
952 2663 979 2714 in
997 2662 1111 2727 hunnum,
1130 2660 1276 2725 Gelliusll,

114 2732 141 2795 3,
160 2732 184 2785 6.
205 2744 263 2783 cunr
282 2729 346 2783 Cod.
365 2731 458 2785 5115555.
475 2732 558 2783 rninns
577 2734 638 2797 5555
658 2730 806 2797 'dispumat
833 2732 850 2785 5,
870 2744 892 2784 e.
918 2743 1036 2796 spumam
1058 2728 1128 2781 loliis
1151 2728 1276 2794 dispellit.

117 2797 158 2852 65.
177 2797 273 2850 adnott.
293 2798 325 2851 ad
348 2798 413 2853 655.
432 2799 466 2866 55,
483 2799 510 2854 8.
530 2826 563 2836 —-
579 2799 703 2851 undum
721 2797 851 2863 trepidi
868 2797 948 2850 ueni
970 2797 1276 2863 pertranspositione1n3

114 2867 222 2932 proprie
244 2866 313 2918 enirn
332 2873 443 2919 mustum
463 2872 503 2920 est
519 2864 655 2932 trepidum,
677 2865 755 2932 quod,
775 2865 834 2918 dum
854 2864 952 2926 ebullit,
971 2864 1046 2930 quasi
1065 2868 1177 2916 trernere
1197 2860 1277 2916 vide-

116 2939 166 2985 tur.
185 2932 267 2998 Heyu.
292 2939 424 2999 comparat
445 2932 510 2988 Aen.
532 2934 594 2998 llll,
611 2932 668 2986 463.
694 2932 799 2984 cadarus
824 2932 944 2985 ahenum.
972 2929 1010 2984 65.
1036 2931 1115 2984 etiam
1133 2929 1224 2982 lleius.
1243 2929 1278 2981 ud

116 2999 191 3053 Ovid.
209 2999 271 3053 11555.
291 2998 345 3066 5155,
366 3001 423 3056 219.
459 2998 582 3054 Ceterum
600 2999 713 3053 Gellium
731 2999 765 3064 ll,
783 2999 808 3053 3.
829 3004 856 3053 et
872 2998 944 3051 Serv.
964 2998 996 3049 ad
1015 2997 1081 3050 hen.
1102 2995 1128 3062 l,
1147 2995 1206 3050 253.
1224 3009 1277 3047 non

116 3072 239 3120 curantes
258 3081 296 3121 en*
311 3066 561 3138 55515555555565555.
574 3065 724 3130 (11155555.
746 3070 772 3120 55
790 3065 876 3131 Rom.)
889 3067 1043 3118 auctoritate
1062 3063 1159 3130 ubique
1174 3064 1275 3126 555155,

116 3137 203 3187 cecus
220 3148 271 3187 non
289 3135 406 3202 chonam,
427 3128 534 3201 uicenos,
555 3134 694 3189 edidimus.
730 3131 767 3184 65
787 3132 911 3187 Schneid.
934 3132 1046 3186 6555555.
1065 3130 1121 3184 Lat.
1141 3129 1276 3197 55530.

118 3206 146 3256 55
164 3202 220 3256 190.
236 3201 616 3269 55555555505155551155.
631 3200 766 3267 5439-
783 3200 842 3257 297.
861 3200 923 3267 lam,
942 3200 1075 3254 nocturnis
1091 3199 1205 3264 negotiis
1225 3212 1277 3265 op-

116 3271 211 3336 posita,
231 3283 264 3323 55
281 3269 434 3335 relernntur,
473 3284 522 3324 555
544 3268 656 3323 interdiu
676 3269 728 3320 sint
744 3267 909 3337 peragenda,
930 3273 957 3323 et
975 3270 1085 3337 primunr
1103 3264 1208 3335 quidem
1226 3279 1277 3319 ae-

116 3337 185 3389 stivo
207 3337 260 3403 die,
278 3342 332 3391 tum
349 3284 490 3401 55555565.
509 3337 599 3402 300),
626 3335 741 3402 deniqne
767 3342 903 3389 aucturnno
929 3340 957 3391 et
981 3349 1044 3389 vere
1070 3334 1108 3398 (v.
1126 3334 1174 3388 311
1196 3331 1276 3408 5555).

115 3403 191 3457 55555
209 3404 404 3471 simplictssima
421 3405 507 3458 locum
525 3403 779 3470 intelligendinatio.
799 3433 828 3443 -
847 3402 1080 3469 Mediouoestc
1096 3414 1154 3453 curn
1174 3399 1277 3464 Vossrc,

116 3486 134 3525 5
151 3484 204 3538 quo
221 3469 313 3537 Wagn.
332 3473 360 3523 in
379 3485 412 3526 eo
431 3478 528 3526 tantum
545 3472 661 3536 recedit,
681 3471 750 3537 qrrod
770 3473 854 3538 ipsura
873 3469 989 3525 medium
1007 3468 1086 3532 diem,
1105 3467 1150 3519 ubi
1170 3478 1277 3541 messo-

115 3551 161 3658 tt
175 3538 635 3663 latitantia}villata
650 3537 911 3659 „thiathaldi
937 3533 1147 3668 titillabat
1160 3546 1276 3652 6555

116 3672 154 3739 Χ,
180 3674 221 3728 47.
256 3645 341 3725 iteca
355 3642 514 3731 'retardatae
533 3646 656 3743 ’55565515
683 3673 713 3724 τὸ
736 3620 927 3792 :tisooyifpcvbg
950 3670 1043 3723 dovor.
1075 3662 1278 3744 ’5555555555

115 3740 224 3809 ἄχυρον
240 3741 344 3793 τελέθει
361 3740 484 3809 suspende
505 3741 640 3809 5655555,
658 3745 685 3794 51
705 3740 815 3809 Oppiam.
851 3779 857 3805 ,
879 3740 949 3797 129„
980 3735 1111 3805 1511556055
1129 3735 1186 3788 11551
1203 3731 1278 3811 lubet

116 3810 203 3874 μέσον
222 3805 333 3875 ἤματος.
369 3809 497 3875 Accedit,
522 3810 592 3876 quod
611 3809 694 3861 medic
713 3811 788 3860 cesto
808 3807 892 3859 ubivis
912 3806 966 3860 lere
984 3801 1115 3870 siguificat
1138 3799 1277 3857 meridiem

117 3877 254 3940 aestivam,
272 3881 300 3930 ut
316 3876 383 3930 intra
399 3877 446 3942 lV,
465 3878 522 3933 401.
559 3876 633 3930 Ovid.
651 3875 714 3929 lllet.
731 3874 799 3936 Xlll,
816 3874 875 3929 851.
913 3872 1003 3927 Claud.
1022 3868 1124 3937 XXXV,
1144 3868 1211 3936 506,
1231 3870 1277 3936 qni

115 3938 211 4023 Vosslo
235 3943 377 4024 laudantur.
415 3944 452 3997 65.
479 3946 557 4020 etiarn
581 3941 717 4008 55555555,
736 3943 793 4020 554.
829 3940 916 4019 Heyu.·
940 3945 967 3994 et
986 3938 1078 3993 Wund.
1097 3936 1183 3991 medio
1200 3938 1278 4015 cestu

89 3999 1278 4145 ·55555555515555555555555555555555

116 4094 161 4199 bic
171 4145 275 4200 disertis
294 4145 382 4200 verbis
400 4149 565 4214 praeciperet
583 4145 716 4210 agricolis,
735 4148 764 4196 nt
784 4156 899 4198 messem
923 4145 1025 4199 aestate
1042 4143 1225 4205 instituerent,
1245 4152 1295 4216 55.

116 4216 140 4268 55
165 4215 244 4268 etiam
270 4213 304 4268 de
330 4226 417 4268 messe
443 4215 494 4267 alio
519 4214 578 4266 anni
603 4217 721 4279 ternpore
747 4210 869 4264 iacienda
894 4211 1003 4279 cogitari
1021 4212 1120 4278 posset.
1156 4207 1185 4260 ln
1201 4206 1277 4258 Itaha

115 4286 207 4336 autem
231 4282 283 4333 iam
307 4296 341 4334 m.
365 4281 439 4355 lunio
467 4282 561 4335 messis
587 4281 727 4334 51151555
751 4277 807 4332 lieri
826 4278 938 4333 solebat.
974 4276 1012 4331 65.
1030 4275 1172 4353 Palladio
1190 4274 1275 4326 lunio.

117 4376 151 4387 -
169 4348 368 4403 rubicundo
398 4347 503 4402 Ceres
527 4346 681 4402 trumentum
702 4346 796 4401 dicitur
813 4346 846 4400 ob
872 4344 967 4401 ilerum
984 4347 1100 4401 colorem
1120 4355 1147 4395 m
1172 4340 1277 4395 rubrum

115 4420 283 4492 5555555555.
312 4415 398 4485 Supra
414 4430 438 4470 v.
453 4415 496 4473 96.
512 4414 570 4479 (555
587 4415 641 4471 vid.
660 4413 772 4513 55155551.)
789 4409 888 4480 docum
906 4413 1029 4469 Cererem
1048 4411 1276 4467 commemoratam
