<?xml version="1.0" encoding="UTF-8"?>
<!DOCTYPE html PUBLIC "-//W3C//DTD XHTML 1.0 Transitional//EN"
    "http://www.w3.org/TR/xhtml1/DTD/xhtml1-transitional.dtd">
<html xmlns="http://www.w3.org/1999/xhtml" xml:lang="en" lang="en">
 <head>
  <title>
</title>
<meta http-equiv="Content-Type" content="text/html;charset=utf-8" />
  <meta name='ocr-system' content='tesseract 3.04.00' />
  <meta name='ocr-capabilities' content='ocr_page ocr_carea ocr_par ocr_line ocrx_word'/>
</head>
<body>
  <div class='ocr_page' id='page_1' title='image "./pvergiliimaroni01forbgoog_0120.png"; bbox 0 0 2676 4950; ppageno 0'>
   <div class='ocr_carea' id='block_1_1' title="bbox 480 284 1241 368">
    <p class='ocr_par' dir='ltr' id='par_1_1' title="bbox 480 284 1241 368">
     <span class='ocr_line' id='line_1_1' title="bbox 480 284 1241 368; baseline 0 -1"><span class='ocrx_word' id='word_1_1' title='bbox 480 306 665 368; x_wconf 82' lang='lat' dir='ltr'>nuconrcu.</span> <span class='ocrx_word' id='word_1_2' title='bbox 710 307 785 368; x_wconf 84' lang='lat' dir='ltr'>sou.</span> <span class='ocrx_word' id='word_1_3' title='bbox 810 309 841 367; x_wconf 86' lang='lat' dir='ltr'>u.</span> <span class='ocrx_word' id='word_1_4' title='bbox 978 284 989 301; x_wconf 87' lang='lat'><em>&#39;</em></span> <span class='ocrx_word' id='word_1_5' title='bbox 1195 302 1241 368; x_wconf 79' lang='lat' dir='ltr'>ss</span> 
     </span>
    </p>
   </div>
   <div class='ocr_carea' id='block_1_2' title="bbox 69 463 1306 1878">
    <p class='ocr_par' dir='ltr' id='par_1_2' title="bbox 69 463 1306 1878">
     <span class='ocr_line' id='line_1_2' title="bbox 71 463 1240 536; baseline -0.001 -12"><span class='ocrx_word' id='word_1_6' title='bbox 71 469 212 534; x_wconf 81' lang='lat' dir='ltr'>altiorem,</span> <span class='ocrx_word' id='word_1_7' title='bbox 231 482 307 536; x_wconf 84' lang='lat' dir='ltr'>quarn</span> <span class='ocrx_word' id='word_1_8' title='bbox 324 466 460 521; x_wconf 86' lang='lat' dir='ltr'>uerborum</span> <span class='ocrx_word' id='word_1_9' title='bbox 477 468 542 519; x_wconf 88' lang='lat' dir='ltr'>ratic</span> <span class='ocrx_word' id='word_1_10' title='bbox 561 463 624 531; x_wconf 88' lang='lat' dir='ltr'>lert,</span> <span class='ocrx_word' id='word_1_11' title='bbox 646 468 800 521; x_wconf 81' lang='lat' dir='ltr'><strong>sententiam</strong></span> <span class='ocrx_word' id='word_1_12' title='bbox 819 467 995 534; x_wconf 76' lang='lat' dir='ltr'>quaerendam</span> <span class='ocrx_word' id='word_1_13' title='bbox 1012 473 1096 536; x_wconf 88' lang='lat' dir='ltr'>putes,</span> <span class='ocrx_word' id='word_1_14' title='bbox 1114 469 1147 522; x_wconf 91' lang='lat' dir='ltr'>ad</span> <span class='ocrx_word' id='word_1_15' title='bbox 1168 468 1240 524; x_wconf 79' lang='lat' dir='ltr'>Gae&#39;-</span> 
     </span>
     <span class='ocr_line' id='line_1_3' title="bbox 70 533 1240 603; baseline -0.002 -10"><span class='ocrx_word' id='word_1_16' title='bbox 70 551 168 593; x_wconf 83' lang='lat' dir='ltr'>sarem</span> <span class='ocrx_word' id='word_1_17' title='bbox 194 542 223 590; x_wconf 92' lang='lat' dir='ltr'>ut</span> <span class='ocrx_word' id='word_1_18' title='bbox 248 542 323 603; x_wconf 93' lang='lat' dir='ltr'>putes</span> <span class='ocrx_word' id='word_1_19' title='bbox 343 534 448 603; x_wconf 82' lang='lat' dir='ltr'>podiam</span> <span class='ocrx_word' id='word_1_20' title='bbox 466 534 632 600; x_wconf 80' lang='lat' dir='ltr'>respexisse,</span> <span class='ocrx_word' id='word_1_21' title='bbox 653 533 733 588; x_wconf 86' lang='lat' dir='ltr'>leram</span> <span class='ocrx_word' id='word_1_22' title='bbox 751 535 883 601; x_wconf 78' lang='lat' dir='ltr'>equidem,</span> <span class='ocrx_word' id='word_1_23' title='bbox 903 536 981 588; x_wconf 92' lang='lat' dir='ltr'>modo</span> <span class='ocrx_word' id='word_1_24' title='bbox 1000 549 1033 590; x_wconf 91' lang='lat' dir='ltr'>ne</span> <span class='ocrx_word' id='word_1_25' title='bbox 1051 537 1153 601; x_wconf 88' lang='lat' dir='ltr'>singula</span> <span class='ocrx_word' id='word_1_26' title='bbox 1171 539 1240 592; x_wconf 87' lang='lat' dir='ltr'>alle-</span> 
     </span>
     <span class='ocr_line' id='line_1_4' title="bbox 71 601 1241 673; baseline -0.001 -15"><span class='ocrx_word' id='word_1_27' title='bbox 71 606 174 673; x_wconf 87' lang='lat' dir='ltr'>gorice</span> <span class='ocrx_word' id='word_1_28' title='bbox 194 603 227 656; x_wconf 87' lang='lat' dir='ltr'>ad</span> <span class='ocrx_word' id='word_1_29' title='bbox 246 603 360 658; x_wconf 86' lang='lat' dir='ltr'>taedium</span> <span class='ocrx_word' id='word_1_30' title='bbox 379 601 543 668; x_wconf 89' lang='lat' dir='ltr'>interpretari</span> <span class='ocrx_word' id='word_1_31' title='bbox 561 603 640 666; x_wconf 82' lang='lat' dir='ltr'>ausis,</span> <span class='ocrx_word' id='word_1_32' title='bbox 660 601 802 668; x_wconf 92' lang='lat' dir='ltr'>quiaillud</span> <span class='ocrx_word' id='word_1_33' title='bbox 823 601 916 654; x_wconf 88' lang='lat' dir='ltr'>saltem</span> <span class='ocrx_word' id='word_1_34' title='bbox 932 616 983 654; x_wconf 93' lang='lat' dir='ltr'>non</span> <span class='ocrx_word' id='word_1_35' title='bbox 1001 604 1165 659; x_wconf 83' lang='lat' dir='ltr'>incommode</span> <span class='ocrx_word' id='word_1_36' title='bbox 1183 604 1241 659; x_wconf 86' lang='lat' dir='ltr'>ieri</span> 
     </span>
     <span class='ocr_line' id='line_1_5' title="bbox 71 667 1241 743; baseline -0.001 -18"><span class='ocrx_word' id='word_1_37' title='bbox 71 677 187 743; x_wconf 84' lang='lat' dir='ltr'>potest3</span> <span class='ocrx_word' id='word_1_38' title='bbox 208 671 278 738; x_wconf 85' lang='lat' dir='ltr'>quod</span> <span class='ocrx_word' id='word_1_39' title='bbox 296 673 384 723; x_wconf 86' lang='lat' dir='ltr'>tamen</span> <span class='ocrx_word' id='word_1_40' title='bbox 402 675 479 733; x_wconf 87' lang='lat' dir='ltr'>cogat</span> <span class='ocrx_word' id='word_1_41' title='bbox 496 682 559 730; x_wconf 91' lang='lat' dir='ltr'>nos,</span> <span class='ocrx_word' id='word_1_42' title='bbox 583 667 647 720; x_wconf 93' lang='lat' dir='ltr'>nihil</span> <span class='ocrx_word' id='word_1_43' title='bbox 665 672 742 722; x_wconf 90' lang='lat' dir='ltr'>inest.</span> <span class='ocrx_word' id='word_1_44' title='bbox 777 667 882 720; x_wconf 81' lang='lat' dir='ltr'>tiamsi</span> <span class='ocrx_word' id='word_1_45' title='bbox 901 683 1004 724; x_wconf 88' lang='lat' dir='ltr'>carmen</span> <span class='ocrx_word' id='word_1_46' title='bbox 1023 672 1108 724; x_wconf 80' lang='lat' dir='ltr'>aninlo</span> <span class='ocrx_word' id='word_1_47' title='bbox 1127 671 1159 724; x_wconf 90' lang='lat' dir='ltr'>ab</span> <span class='ocrx_word' id='word_1_48' title='bbox 1178 686 1193 724; x_wconf 91' lang='grc' dir='ltr'><strong>ο</strong></span> <span class='ocrx_word' id='word_1_49' title='bbox 1212 675 1241 723; x_wconf 90' lang='lat' dir='ltr'>i-</span> 
     </span>
     <span class='ocr_line' id='line_1_6' title="bbox 71 688 1241 816; baseline 0 -23"><span class='ocrx_word' id='word_1_50' title='bbox 71 742 161 794; x_wconf 87' lang='lat' dir='ltr'>ntorte</span> <span class='ocrx_word' id='word_1_51' title='bbox 182 739 271 806; x_wconf 88' lang='lat' dir='ltr'>aliqua</span> <span class='ocrx_word' id='word_1_52' title='bbox 292 751 377 790; x_wconf 86' lang='lat' dir='ltr'>uacuo</span> <span class='ocrx_word' id='word_1_53' title='bbox 395 741 422 790; x_wconf 94' lang='lat' dir='ltr'>et</span> <span class='ocrx_word' id='word_1_54' title='bbox 438 737 535 788; x_wconf 90' lang='lat' dir='ltr'>intacto</span> <span class='ocrx_word' id='word_1_55' title='bbox 564 734 692 812; x_wconf 84' lang='lat' dir='ltr'>legimus,</span> <span class='ocrx_word' id='word_1_56' title='bbox 717 734 780 787; x_wconf 96' lang='lat' dir='ltr'>nihil</span> <span class='ocrx_word' id='word_1_57' title='bbox 805 735 875 788; x_wconf 90' lang='lat' dir='ltr'>aliud</span> <span class='ocrx_word' id='word_1_58' title='bbox 901 736 992 812; x_wconf 38' lang='lat' dir='ltr'>poeta,</span> <span class='ocrx_word' id='word_1_59' title='bbox 1003 742 1139 816; x_wconf 89' lang='lat' dir='ltr'>spectasse</span> <span class='ocrx_word' id='word_1_60' title='bbox 1157 688 1241 794; x_wconf 60' lang='lat' dir='ltr'>videri</span> 
     </span>
     <span class='ocr_line' id='line_1_7' title="bbox 73 802 1240 873; baseline -0.004 -10"><span class='ocrx_word' id='word_1_61' title='bbox 73 804 180 872; x_wconf 85' lang='lat' dir='ltr'>(lebet,</span> <span class='ocrx_word' id='word_1_62' title='bbox 207 819 284 872; x_wconf 87' lang='lat' dir='ltr'>quam</span> <span class='ocrx_word' id='word_1_63' title='bbox 304 809 332 856; x_wconf 92' lang='lat' dir='ltr'>ut</span> <span class='ocrx_word' id='word_1_64' title='bbox 348 803 498 869; x_wconf 80' lang='lat' dir='ltr'>ldylliorum</span> <span class='ocrx_word' id='word_1_65' title='bbox 515 802 647 856; x_wconf 76' lang='lat' dir='ltr'>Theocriti</span> <span class='ocrx_word' id='word_1_66' title='bbox 665 802 683 854; x_wconf 89' lang='grc' dir='ltr'>Ι.</span> <span class='ocrx_word' id='word_1_67' title='bbox 705 807 732 857; x_wconf 91' lang='lat' dir='ltr'>ot</span> <span class='ocrx_word' id='word_1_68' title='bbox 746 802 810 854; x_wconf 89' lang='lat' dir='ltr'>lllll.</span> <span class='ocrx_word' id='word_1_69' title='bbox 830 804 998 857; x_wconf 83' lang='lat' dir='ltr'>intitutionem</span> <span class='ocrx_word' id='word_1_70' title='bbox 1019 806 1180 872; x_wconf 84' lang='lat' dir='ltr'>institueret,</span> <span class='ocrx_word' id='word_1_71' title='bbox 1205 812 1240 873; x_wconf 86' lang='lat' dir='ltr'>et,</span> 
     </span>
     <span class='ocr_line' id='line_1_8' title="bbox 71 869 1240 940; baseline -0.001 -12"><span class='ocrx_word' id='word_1_72' title='bbox 71 878 107 929; x_wconf 80' lang='lat' dir='ltr'>ut</span> <span class='ocrx_word' id='word_1_73' title='bbox 123 872 230 938; x_wconf 80' lang='lat' dir='ltr'>Ecloga</span> <span class='ocrx_word' id='word_1_74' title='bbox 247 871 293 924; x_wconf 91' lang='lat' dir='ltr'>lli.</span> <span class='ocrx_word' id='word_1_75' title='bbox 320 870 387 923; x_wconf 91' lang='lat' dir='ltr'>duos</span> <span class='ocrx_word' id='word_1_76' title='bbox 410 876 530 937; x_wconf 87' lang='lat' dir='ltr'>pastores</span> <span class='ocrx_word' id='word_1_77' title='bbox 555 883 570 921; x_wconf 93' lang='lat' dir='ltr'>a</span> <span class='ocrx_word' id='word_1_78' title='bbox 591 872 716 922; x_wconf 86' lang='lat' dir='ltr'>conuiciis</span> <span class='ocrx_word' id='word_1_79' title='bbox 742 869 773 922; x_wconf 89' lang='lat' dir='ltr'>ad</span> <span class='ocrx_word' id='word_1_80' title='bbox 798 876 900 922; x_wconf 89' lang='lat' dir='ltr'>cantum</span> <span class='ocrx_word' id='word_1_81' title='bbox 917 884 1086 937; x_wconf 89' lang='lat' dir='ltr'>progressos,</span> <span class='ocrx_word' id='word_1_82' title='bbox 1114 877 1149 926; x_wconf 91' lang='lat' dir='ltr'>ita</span> <span class='ocrx_word' id='word_1_83' title='bbox 1167 872 1193 927; x_wconf 93' lang='lat' dir='ltr'>h.</span> <span class='ocrx_word' id='word_1_84' title='bbox 1212 875 1240 940; x_wconf 92' lang='lat' dir='ltr'>l.‚</span> 
     </span>
     <span class='ocr_line' id='line_1_9' title="bbox 69 937 1241 1009; baseline -0.003 -12"><span class='ocrx_word' id='word_1_85' title='bbox 69 940 164 1009; x_wconf 78' lang='lat' dir='ltr'>idque</span> <span class='ocrx_word' id='word_1_86' title='bbox 183 939 264 992; x_wconf 90' lang='lat' dir='ltr'>multo</span> <span class='ocrx_word' id='word_1_87' title='bbox 283 938 447 1003; x_wconf 85' lang='lat' dir='ltr'>elegantius,</span> <span class='ocrx_word' id='word_1_88' title='bbox 473 938 524 989; x_wconf 93' lang='lat' dir='ltr'>duo</span> <span class='ocrx_word' id='word_1_89' title='bbox 544 937 611 989; x_wconf 90' lang='lat' dir='ltr'>alios</span> <span class='ocrx_word' id='word_1_90' title='bbox 629 942 749 1004; x_wconf 91' lang='lat' dir='ltr'>pastores</span> <span class='ocrx_word' id='word_1_91' title='bbox 768 950 783 989; x_wconf 92' lang='lat' dir='ltr'>a</span> <span class='ocrx_word' id='word_1_92' title='bbox 801 938 895 989; x_wconf 91' lang='lat' dir='ltr'>mutuis</span> <span class='ocrx_word' id='word_1_93' title='bbox 914 937 1034 991; x_wconf 91' lang='lat' dir='ltr'>laudibus</span> <span class='ocrx_word' id='word_1_94' title='bbox 1057 940 1089 992; x_wconf 90' lang='lat' dir='ltr'>ad</span> <span class='ocrx_word' id='word_1_95' title='bbox 1110 946 1241 996; x_wconf 88' lang='lat' dir='ltr'>certamen</span> 
     </span>
     <span class='ocr_line' id='line_1_10' title="bbox 72 1001 1306 1075; baseline 0 -12"><span class='ocrx_word' id='word_1_96' title='bbox 72 1013 174 1063; x_wconf 72' lang='lat' dir='ltr'>santus</span> <span class='ocrx_word' id='word_1_97' title='bbox 199 1006 376 1074; x_wconf 91' lang='lat' dir='ltr'>procedentes</span> <span class='ocrx_word' id='word_1_98' title='bbox 407 1005 552 1058; x_wconf 88' lang='lat' dir='ltr'>induceret.</span> <span class='ocrx_word' id='word_1_99' title='bbox 595 1001 722 1056; x_wconf 85' lang='lat' dir='ltr'>Carrrriuis</span> <span class='ocrx_word' id='word_1_100' title='bbox 744 1011 922 1070; x_wconf 81' lang='lat' dir='ltr'>argumentum</span> <span class='ocrx_word' id='word_1_101' title='bbox 954 1011 1013 1058; x_wconf 93' lang='lat' dir='ltr'>sunt</span> <span class='ocrx_word' id='word_1_102' title='bbox 1043 1005 1241 1075; x_wconf 79' lang='lat' dir='ltr'>Daphnidis</span> <span class='ocrx_word' id='word_1_103' title='bbox 1303 1004 1306 1010; x_wconf 80' lang='grc'><strong>’</strong></span> 
     </span>
     <span class='ocr_line' id='line_1_11' title="bbox 72 1069 1240 1144; baseline -0.001 -13"><span class='ocrx_word' id='word_1_104' title='bbox 72 1074 227 1138; x_wconf 83' lang='lat' dir='ltr'>laudes,</span> <span class='ocrx_word' id='word_1_105' title='bbox 250 1072 338 1126; x_wconf 91' lang='lat' dir='ltr'>nobile</span> <span class='ocrx_word' id='word_1_106' title='bbox 358 1071 426 1124; x_wconf 93' lang='lat' dir='ltr'>haud</span> <span class='ocrx_word' id='word_1_107' title='bbox 446 1069 525 1125; x_wconf 91' lang='lat' dir='ltr'>dubie</span> <span class='ocrx_word' id='word_1_108' title='bbox 543 1073 570 1125; x_wconf 90' lang='lat' dir='ltr'>in</span> <span class='ocrx_word' id='word_1_109' title='bbox 587 1073 696 1125; x_wconf 89' lang='lat' dir='ltr'>vetustis</span> <span class='ocrx_word' id='word_1_110' title='bbox 715 1070 871 1123; x_wconf 79' lang='lat' dir='ltr'>carminibus</span> <span class='ocrx_word' id='word_1_111' title='bbox 894 1074 1036 1138; x_wconf 88' lang='lat' dir='ltr'>pastoritiis</span> <span class='ocrx_word' id='word_1_112' title='bbox 1054 1083 1240 1144; x_wconf 88' lang='lat' dir='ltr'>argumentum,</span> 
     </span>
     <span class='ocr_line' id='line_1_12' title="bbox 71 1137 1239 1227; baseline 0 -29"><span class='ocrx_word' id='word_1_113' title='bbox 71 1148 107 1197; x_wconf 84' lang='lat' dir='ltr'>tit</span> <span class='ocrx_word' id='word_1_114' title='bbox 125 1156 163 1197; x_wconf 83' lang='lat' dir='ltr'>ex</span> <span class='ocrx_word' id='word_1_115' title='bbox 181 1140 311 1193; x_wconf 88' lang='lat' dir='ltr'>nonnullis</span> <span class='ocrx_word' id='word_1_116' title='bbox 330 1139 477 1204; x_wconf 74' lang='lat' dir='ltr'>Theocriti,</span> <span class='ocrx_word' id='word_1_117' title='bbox 503 1140 628 1206; x_wconf 88' lang='lat' dir='ltr'>imprimis</span> <span class='ocrx_word' id='word_1_118' title='bbox 648 1138 722 1205; x_wconf 78' lang='lat' dir='ltr'>ldyll.</span> <span class='ocrx_word' id='word_1_119' title='bbox 741 1139 761 1191; x_wconf 95' lang='lat' dir='ltr'>l.</span> <span class='ocrx_word' id='word_1_120' title='bbox 785 1142 812 1191; x_wconf 91' lang='lat' dir='ltr'>et</span> <span class='ocrx_word' id='word_1_121' title='bbox 829 1137 884 1191; x_wconf 85' lang='lat' dir='ltr'>Vll.</span> <span class='ocrx_word' id='word_1_122' title='bbox 902 1138 935 1193; x_wconf 79' lang='lat'>73</span> <span class='ocrx_word' id='word_1_123' title='bbox 952 1153 1020 1206; x_wconf 75' lang='lat' dir='ltr'>sqq,</span> <span class='ocrx_word' id='word_1_124' title='bbox 1040 1141 1107 1195; x_wconf 89' lang='lat' dir='ltr'>locis</span> <span class='ocrx_word' id='word_1_125' title='bbox 1123 1150 1239 1227; x_wconf 86' lang='lat' dir='ltr'>apparet.</span> 
     </span>
     <span class='ocr_line' id='line_1_13' title="bbox 70 1204 1241 1279; baseline 0 -14"><span class='ocrx_word' id='word_1_126' title='bbox 70 1208 140 1265; x_wconf 73' lang='lat' dir='ltr'>eurr</span> <span class='ocrx_word' id='word_1_127' title='bbox 166 1209 214 1261; x_wconf 90' lang='lat' dir='ltr'>ille</span> <span class='ocrx_word' id='word_1_128' title='bbox 240 1209 266 1259; x_wconf 96' lang='lat' dir='ltr'>in</span> <span class='ocrx_word' id='word_1_129' title='bbox 285 1206 373 1261; x_wconf 91' lang='lat' dir='ltr'>herois</span> <span class='ocrx_word' id='word_1_130' title='bbox 392 1206 451 1259; x_wconf 88' lang='lat' dir='ltr'>loco</span> <span class='ocrx_word' id='word_1_131' title='bbox 470 1209 538 1259; x_wconf 88' lang='lat' dir='ltr'>inter</span> <span class='ocrx_word' id='word_1_132' title='bbox 555 1211 673 1274; x_wconf 90' lang='lat' dir='ltr'>pastores</span> <span class='ocrx_word' id='word_1_133' title='bbox 693 1204 811 1271; x_wconf 83' lang='lat' dir='ltr'>habitus,</span> <span class='ocrx_word' id='word_1_134' title='bbox 837 1211 913 1258; x_wconf 89' lang='lat' dir='ltr'>cantu</span> <span class='ocrx_word' id='word_1_135' title='bbox 931 1206 1026 1260; x_wconf 91' lang='lat' dir='ltr'>nobilis</span> <span class='ocrx_word' id='word_1_136' title='bbox 1045 1214 1072 1262; x_wconf 94' lang='lat' dir='ltr'>et</span> <span class='ocrx_word' id='word_1_137' title='bbox 1089 1223 1104 1262; x_wconf 90' lang='lat' dir='ltr'>a</span> <span class='ocrx_word' id='word_1_138' title='bbox 1124 1209 1241 1279; x_wconf 84' lang='lat' dir='ltr'>hympha</span> 
     </span>
     <span class='ocr_line' id='line_1_14' title="bbox 72 1271 1242 1341; baseline 0 -10"><span class='ocrx_word' id='word_1_139' title='bbox 72 1282 200 1340; x_wconf 77' lang='lat' dir='ltr'>amatus3</span> <span class='ocrx_word' id='word_1_140' title='bbox 222 1274 302 1341; x_wconf 84' lang='lat' dir='ltr'>hique</span> <span class='ocrx_word' id='word_1_141' title='bbox 320 1277 378 1328; x_wconf 92' lang='lat' dir='ltr'>eius</span> <span class='ocrx_word' id='word_1_142' title='bbox 397 1287 508 1339; x_wconf 87' lang='lat' dir='ltr'>amores,</span> <span class='ocrx_word' id='word_1_143' title='bbox 528 1271 579 1326; x_wconf 88' lang='lat' dir='ltr'>iata</span> <span class='ocrx_word' id='word_1_144' title='bbox 597 1277 623 1326; x_wconf 91' lang='lat' dir='ltr'>et</span> <span class='ocrx_word' id='word_1_145' title='bbox 643 1286 710 1324; x_wconf 93' lang='lat' dir='ltr'>mors</span> <span class='ocrx_word' id='word_1_146' title='bbox 728 1274 870 1338; x_wconf 91' lang='lat' dir='ltr'>pastoritiis</span> <span class='ocrx_word' id='word_1_147' title='bbox 889 1272 1045 1327; x_wconf 83' lang='lat' dir='ltr'>carminibus</span> <span class='ocrx_word' id='word_1_148' title='bbox 1063 1275 1195 1330; x_wconf 88' lang='lat' dir='ltr'>celebrata</span> <span class='ocrx_word' id='word_1_149' title='bbox 1215 1285 1242 1333; x_wconf 91' lang='lat' dir='ltr'>et</span> 
     </span>
     <span class='ocr_line' id='line_1_15' title="bbox 71 1338 1240 1407; baseline 0 -9"><span class='ocrx_word' id='word_1_150' title='bbox 71 1341 170 1399; x_wconf 76' lang='lat' dir='ltr'>multis</span> <span class='ocrx_word' id='word_1_151' title='bbox 190 1340 275 1394; x_wconf 89' lang='lat' dir='ltr'>modis</span> <span class='ocrx_word' id='word_1_152' title='bbox 292 1343 399 1393; x_wconf 85' lang='lat' dir='ltr'>variata.</span> <span class='ocrx_word' id='word_1_153' title='bbox 436 1339 485 1406; x_wconf 70' lang='lat' dir='ltr'>[til.</span> <span class='ocrx_word' id='word_1_154' title='bbox 504 1341 602 1393; x_wconf 91' lang='lat' dir='ltr'>adnott.</span> <span class='ocrx_word' id='word_1_155' title='bbox 622 1339 655 1392; x_wconf 89' lang='lat' dir='ltr'>ad</span> <span class='ocrx_word' id='word_1_156' title='bbox 674 1353 697 1392; x_wconf 86' lang='lat' dir='ltr'>v.</span> <span class='ocrx_word' id='word_1_157' title='bbox 716 1339 770 1403; x_wconf 75' lang='grc'>20]</span> <span class='ocrx_word' id='word_1_158' title='bbox 807 1338 902 1394; x_wconf 86' lang='lat' dir='ltr'>Noster</span> <span class='ocrx_word' id='word_1_159' title='bbox 925 1354 987 1394; x_wconf 91' lang='lat' dir='ltr'>vero</span> <span class='ocrx_word' id='word_1_160' title='bbox 1009 1342 1088 1407; x_wconf 79' lang='lat' dir='ltr'>potita</span> <span class='ocrx_word' id='word_1_161' title='bbox 1106 1347 1240 1398; x_wconf 89' lang='lat' dir='ltr'>materiam</span> 
     </span>
     <span class='ocr_line' id='line_1_16' title="bbox 72 1406 1241 1478; baseline 0.001 -13"><span class='ocrx_word' id='word_1_162' title='bbox 72 1410 116 1465; x_wconf 85' lang='lat' dir='ltr'>ita</span> <span class='ocrx_word' id='word_1_163' title='bbox 135 1411 273 1473; x_wconf 86' lang='lat' dir='ltr'>tractauit,</span> <span class='ocrx_word' id='word_1_164' title='bbox 305 1410 419 1474; x_wconf 89' lang='lat' dir='ltr'>ornavit,</span> <span class='ocrx_word' id='word_1_165' title='bbox 445 1413 472 1462; x_wconf 92' lang='lat' dir='ltr'>et</span> <span class='ocrx_word' id='word_1_166' title='bbox 490 1406 672 1474; x_wconf 81' lang='lat' dir='ltr'>amplificavit,</span> <span class='ocrx_word' id='word_1_167' title='bbox 701 1412 729 1459; x_wconf 92' lang='lat' dir='ltr'>ut</span> <span class='ocrx_word' id='word_1_168' title='bbox 748 1410 903 1471; x_wconf 84' lang='lat' dir='ltr'>generosum</span> <span class='ocrx_word' id='word_1_169' title='bbox 921 1408 1016 1474; x_wconf 77' lang='lat' dir='ltr'>potitae</span> <span class='ocrx_word' id='word_1_170' title='bbox 1035 1411 1103 1476; x_wconf 91' lang='lat' dir='ltr'>epici</span> <span class='ocrx_word' id='word_1_171' title='bbox 1123 1413 1241 1478; x_wconf 91' lang='lat' dir='ltr'>spiritum</span> 
     </span>
     <span class='ocr_line' id='line_1_17' title="bbox 71 1474 1241 1542; baseline 0.001 -9"><span class='ocrx_word' id='word_1_172' title='bbox 71 1476 161 1533; x_wconf 75' lang='lat' dir='ltr'>morto</span> <span class='ocrx_word' id='word_1_173' title='bbox 189 1479 218 1528; x_wconf 94' lang='lat' dir='ltr'>in</span> <span class='ocrx_word' id='word_1_174' title='bbox 236 1490 269 1530; x_wconf 93' lang='lat' dir='ltr'>eo</span> <span class='ocrx_word' id='word_1_175' title='bbox 288 1489 430 1541; x_wconf 89' lang='lat' dir='ltr'>agnoscas;</span> <span class='ocrx_word' id='word_1_176' title='bbox 456 1489 612 1542; x_wconf 88' lang='lat' dir='ltr'>quamquam</span> <span class='ocrx_word' id='word_1_177' title='bbox 636 1474 755 1539; x_wconf 84' lang='lat' dir='ltr'>singulae</span> <span class='ocrx_word' id='word_1_178' title='bbox 781 1488 866 1527; x_wconf 82' lang='lat' dir='ltr'>terrun</span> <span class='ocrx_word' id='word_1_179' title='bbox 885 1475 1013 1540; x_wconf 83' lang='lat' dir='ltr'>imagines</span> <span class='ocrx_word' id='word_1_180' title='bbox 1032 1488 1058 1528; x_wconf 90' lang='lat' dir='ltr'>et</span> <span class='ocrx_word' id='word_1_181' title='bbox 1076 1475 1241 1534; x_wconf 89' lang='lat' dir='ltr'>characteres</span> 
     </span>
     <span class='ocr_line' id='line_1_18' title="bbox 73 1540 1240 1613; baseline -0.002 -12"><span class='ocrx_word' id='word_1_182' title='bbox 73 1558 113 1601; x_wconf 79' lang='lat' dir='ltr'>ex</span> <span class='ocrx_word' id='word_1_183' title='bbox 132 1545 373 1611; x_wconf 85' lang='lat' dir='ltr'>antiquissimorum</span> <span class='ocrx_word' id='word_1_184' title='bbox 394 1545 535 1611; x_wconf 76' lang='lat' dir='ltr'>carminum</span> <span class='ocrx_word' id='word_1_185' title='bbox 555 1541 643 1596; x_wconf 91' lang='lat' dir='ltr'>indole</span> <span class='ocrx_word' id='word_1_186' title='bbox 669 1547 696 1594; x_wconf 89' lang='lat' dir='ltr'>et</span> <span class='ocrx_word' id='word_1_187' title='bbox 714 1540 802 1594; x_wconf 89' lang='lat' dir='ltr'>colore</span> <span class='ocrx_word' id='word_1_188' title='bbox 821 1541 892 1593; x_wconf 92' lang='lat' dir='ltr'>ducti</span> <span class='ocrx_word' id='word_1_189' title='bbox 910 1547 978 1594; x_wconf 83' lang='lat' dir='ltr'>sunt.</span> <span class='ocrx_word' id='word_1_190' title='bbox 1013 1540 1113 1609; x_wconf 88' lang='lat' dir='ltr'>Locus,</span> <span class='ocrx_word' id='word_1_191' title='bbox 1137 1546 1163 1596; x_wconf 92' lang='lat' dir='ltr'>in</span> <span class='ocrx_word' id='word_1_192' title='bbox 1189 1560 1240 1613; x_wconf 88' lang='lat' dir='ltr'>quo</span> 
     </span>
     <span class='ocr_line' id='line_1_19' title="bbox 75 1608 1242 1677; baseline -0.002 -10"><span class='ocrx_word' id='word_1_193' title='bbox 75 1613 244 1667; x_wconf 77' lang='lat' dir='ltr'>eonveniunt</span> <span class='ocrx_word' id='word_1_194' title='bbox 261 1616 389 1677; x_wconf 89' lang='lat' dir='ltr'>pastores,</span> <span class='ocrx_word' id='word_1_195' title='bbox 406 1611 492 1662; x_wconf 92' lang='lat' dir='ltr'>statim</span> <span class='ocrx_word' id='word_1_196' title='bbox 511 1608 542 1661; x_wconf 91' lang='lat' dir='ltr'>ab</span> <span class='ocrx_word' id='word_1_197' title='bbox 563 1610 637 1661; x_wconf 92' lang='lat' dir='ltr'>initio</span> <span class='ocrx_word' id='word_1_198' title='bbox 657 1622 823 1673; x_wconf 89' lang='lat' dir='ltr'>magnacum</span> <span class='ocrx_word' id='word_1_199' title='bbox 842 1610 969 1661; x_wconf 85' lang='lat' dir='ltr'>suavitate</span> <span class='ocrx_word' id='word_1_200' title='bbox 988 1608 1158 1663; x_wconf 85' lang='lat' dir='ltr'>describitur:</span> <span class='ocrx_word' id='word_1_201' title='bbox 1177 1627 1242 1665; x_wconf 91' lang='lat' dir='ltr'>suc-</span> 
     </span>
     <span class='ocr_line' id='line_1_20' title="bbox 74 1673 1240 1743; baseline -0.003 -8"><span class='ocrx_word' id='word_1_202' title='bbox 74 1682 221 1735; x_wconf 72' lang='lat' dir='ltr'>cesserant</span> <span class='ocrx_word' id='word_1_203' title='bbox 246 1683 318 1729; x_wconf 87' lang='lat' dir='ltr'>antro</span> <span class='ocrx_word' id='word_1_204' title='bbox 348 1679 459 1742; x_wconf 91' lang='lat' dir='ltr'>agrestis</span> <span class='ocrx_word' id='word_1_205' title='bbox 484 1678 544 1728; x_wconf 91' lang='lat' dir='ltr'>vitis</span> <span class='ocrx_word' id='word_1_206' title='bbox 568 1675 717 1743; x_wconf 85' lang='lat' dir='ltr'>palmitibus</span> <span class='ocrx_word' id='word_1_207' title='bbox 734 1673 857 1727; x_wconf 90' lang='lat' dir='ltr'>obducto.</span> <span class='ocrx_word' id='word_1_208' title='bbox 894 1673 1002 1729; x_wconf 83' lang='lat' dir='ltr'>Carinen</span> <span class='ocrx_word' id='word_1_209' title='bbox 1021 1676 1053 1728; x_wconf 93' lang='lat' dir='ltr'>ad</span> <span class='ocrx_word' id='word_1_210' title='bbox 1074 1691 1167 1731; x_wconf 89' lang='lat' dir='ltr'>annum</span> <span class='ocrx_word' id='word_1_211' title='bbox 1183 1680 1240 1736; x_wconf 79' lang='lat'>712.</span> 
     </span>
     <span class='ocr_line' id='line_1_21' title="bbox 75 1724 1241 1813; baseline 0 -13"><span class='ocrx_word' id='word_1_212' title='bbox 75 1744 127 1813; x_wconf 88' lang='lat' dir='ltr'>(ab</span> <span class='ocrx_word' id='word_1_213' title='bbox 148 1746 211 1798; x_wconf 89' lang='lat' dir='ltr'>aliis</span> <span class='ocrx_word' id='word_1_214' title='bbox 232 1744 327 1809; x_wconf 91' lang='lat' dir='ltr'>[minus</span> <span class='ocrx_word' id='word_1_215' title='bbox 347 1743 431 1810; x_wconf 89' lang='lat' dir='ltr'>recte]</span> <span class='ocrx_word' id='word_1_216' title='bbox 450 1745 476 1796; x_wconf 91' lang='lat' dir='ltr'>in</span> <span class='ocrx_word' id='word_1_217' title='bbox 494 1745 596 1796; x_wconf 90' lang='lat' dir='ltr'>initium</span> <span class='ocrx_word' id='word_1_218' title='bbox 614 1745 673 1796; x_wconf 88' lang='lat' dir='ltr'>anni</span> <span class='ocrx_word' id='word_1_219' title='bbox 691 1743 749 1798; x_wconf 78' lang='lat'>713.</span> <span class='ocrx_word' id='word_1_220' title='bbox 776 1739 826 1807; x_wconf 87' lang='lat' dir='ltr'>W.)</span> <span class='ocrx_word' id='word_1_221' title='bbox 844 1724 935 1796; x_wconf 80' lang='lat' dir='ltr'>reterri</span> <span class='ocrx_word' id='word_1_222' title='bbox 954 1742 1051 1798; x_wconf 88' lang='lat' dir='ltr'>solet.“</span> <span class='ocrx_word' id='word_1_223' title='bbox 1069 1743 1099 1797; x_wconf 86' lang='lat' dir='ltr'>H.</span> <span class='ocrx_word' id='word_1_224' title='bbox 1120 1745 1169 1811; x_wconf 85' lang='lat' dir='ltr'>[ut.</span> <span class='ocrx_word' id='word_1_225' title='bbox 1189 1761 1241 1800; x_wconf 92' lang='lat' dir='ltr'>uo-</span> 
     </span>
     <span class='ocr_line' id='line_1_22' title="bbox 76 1810 490 1878; baseline -0.012 -11"><span class='ocrx_word' id='word_1_226' title='bbox 76 1818 134 1869; x_wconf 82' lang='lat' dir='ltr'>tam</span> <span class='ocrx_word' id='word_1_227' title='bbox 153 1810 326 1878; x_wconf 85' lang='lat' dir='ltr'>subiectam]</span> <span class='ocrx_word' id='word_1_228' title='bbox 481 1835 490 1846; x_wconf 89' lang='lat'><em>·</em></span> 
     </span>
    </p>
   </div>
   <div class='ocr_carea' id='block_1_3' title="bbox 72 2027 1307 4071">
    <p class='ocr_par' dir='ltr' id='par_1_3' title="bbox 72 2027 1307 4071">
     <span class='ocr_line' id='line_1_23' title="bbox 77 2027 1240 2087; baseline -0.006 -10"><span class='ocrx_word' id='word_1_229' title='bbox 77 2031 166 2077; x_wconf 76' lang='lat' dir='ltr'>(tallia</span> <span class='ocrx_word' id='word_1_230' title='bbox 181 2028 309 2083; x_wconf 79' lang='lat' dir='ltr'>cisalpino</span> <span class='ocrx_word' id='word_1_231' title='bbox 324 2027 414 2074; x_wconf 88' lang='lat' dir='ltr'>laetius</span> <span class='ocrx_word' id='word_1_232' title='bbox 429 2030 492 2082; x_wconf 84' lang='lat' dir='ltr'>ecta,</span> <span class='ocrx_word' id='word_1_233' title='bbox 508 2038 579 2082; x_wconf 81' lang='lat' dir='ltr'>ouem</span> <span class='ocrx_word' id='word_1_234' title='bbox 594 2027 668 2086; x_wconf 88' lang='lat' dir='ltr'>alibi,</span> <span class='ocrx_word' id='word_1_235' title='bbox 685 2027 785 2081; x_wconf 89' lang='lat' dir='ltr'>primum</span> <span class='ocrx_word' id='word_1_236' title='bbox 801 2028 862 2080; x_wconf 78' lang='lat' dir='ltr'>duod</span> <span class='ocrx_word' id='word_1_237' title='bbox 879 2027 941 2072; x_wconf 90' lang='lat' dir='ltr'>bello</span> <span class='ocrx_word' id='word_1_238' title='bbox 955 2027 1177 2081; x_wconf 81' lang='lat' dir='ltr'>Mutinensitlulto,</span> <span class='ocrx_word' id='word_1_239' title='bbox 1193 2044 1240 2087; x_wconf 77' lang='lat' dir='ltr'>quo</span> 
     </span>
     <span class='ocr_line' id='line_1_24' title="bbox 77 2085 1242 2140; baseline 0.001 -9"><span class='ocrx_word' id='word_1_240' title='bbox 77 2086 124 2134; x_wconf 82' lang='lat' dir='ltr'>lile</span> <span class='ocrx_word' id='word_1_241' title='bbox 139 2088 210 2140; x_wconf 79' lang='lat' dir='ltr'>regio</span> <span class='ocrx_word' id='word_1_242' title='bbox 225 2088 334 2136; x_wconf 84' lang='lat' dir='ltr'>turbata,</span> <span class='ocrx_word' id='word_1_243' title='bbox 356 2085 442 2128; x_wconf 86' lang='lat' dir='ltr'>laetior</span> <span class='ocrx_word' id='word_1_244' title='bbox 462 2097 520 2138; x_wconf 85' lang='lat' dir='ltr'>spes</span> <span class='ocrx_word' id='word_1_245' title='bbox 535 2087 659 2130; x_wconf 89' lang='lat' dir='ltr'>meliorum</span> <span class='ocrx_word' id='word_1_246' title='bbox 676 2092 807 2136; x_wconf 86' lang='lat' dir='ltr'>temporum</span> <span class='ocrx_word' id='word_1_247' title='bbox 828 2085 972 2140; x_wconf 60' lang='lat' dir='ltr'>ambigebam</span> <span class='ocrx_word' id='word_1_248' title='bbox 999 2091 1047 2128; x_wconf 88' lang='lat' dir='ltr'>tutu</span> <span class='ocrx_word' id='word_1_249' title='bbox 1070 2089 1131 2140; x_wconf 79' lang='lat' dir='ltr'>qood</span> <span class='ocrx_word' id='word_1_250' title='bbox 1150 2091 1242 2135; x_wconf 79' lang='lat' dir='ltr'>caesar</span> 
     </span>
     <span class='ocr_line' id='line_1_25' title="bbox 77 2140 1242 2199; baseline 0.002 -8"><span class='ocrx_word' id='word_1_251' title='bbox 77 2147 122 2191; x_wconf 63' lang='lat' dir='ltr'>litt</span> <span class='ocrx_word' id='word_1_252' title='bbox 138 2143 281 2199; x_wconf 79' lang='lat' dir='ltr'>praefuerat</span> <span class='ocrx_word' id='word_1_253' title='bbox 295 2143 330 2186; x_wconf 92' lang='lat' dir='ltr'>iili</span> <span class='ocrx_word' id='word_1_254' title='bbox 346 2143 492 2196; x_wconf 82' lang='lat' dir='ltr'>prorirrciae,</span> <span class='ocrx_word' id='word_1_255' title='bbox 508 2141 647 2194; x_wconf 82' lang='lat' dir='ltr'>ineolusuoe</span> <span class='ocrx_word' id='word_1_256' title='bbox 660 2142 735 2185; x_wconf 79' lang='lat' dir='ltr'>uariis</span> <span class='ocrx_word' id='word_1_257' title='bbox 750 2140 882 2184; x_wconf 88' lang='lat' dir='ltr'>nominibus</span> <span class='ocrx_word' id='word_1_258' title='bbox 897 2142 942 2184; x_wconf 87' lang='lat' dir='ltr'>sibi</span> <span class='ocrx_word' id='word_1_259' title='bbox 958 2143 1084 2186; x_wconf 83' lang='lat' dir='ltr'>obstrictos</span> <span class='ocrx_word' id='word_1_260' title='bbox 1097 2144 1242 2196; x_wconf 69' lang='lat' dir='ltr'>reddiderat.</span> 
     </span>
     <span class='ocr_line' id='line_1_26' title="bbox 77 2199 1242 2254; baseline 0 -7"><span class='ocrx_word' id='word_1_261' title='bbox 77 2200 189 2247; x_wconf 61' lang='lat' dir='ltr'>veterat</span> <span class='ocrx_word' id='word_1_262' title='bbox 214 2201 267 2254; x_wconf 86' lang='lat' dir='ltr'>ipse</span> <span class='ocrx_word' id='word_1_263' title='bbox 282 2199 344 2253; x_wconf 89' lang='lat' dir='ltr'>illis,</span> <span class='ocrx_word' id='word_1_264' title='bbox 376 2203 402 2243; x_wconf 88' lang='lat' dir='ltr'>ut</span> <span class='ocrx_word' id='word_1_265' title='bbox 417 2200 457 2252; x_wconf 78' lang='lat' dir='ltr'>‹put</span> <span class='ocrx_word' id='word_1_266' title='bbox 472 2200 502 2242; x_wconf 85' lang='lat' dir='ltr'>ab</span> <span class='ocrx_word' id='word_1_267' title='bbox 522 2200 552 2241; x_wconf 85' lang='lat' dir='ltr'>iis</span> <span class='ocrx_word' id='word_1_268' title='bbox 565 2199 717 2250; x_wconf 67' lang='lat' dir='ltr'>attigeretum</span> <span class='ocrx_word' id='word_1_269' title='bbox 743 2199 844 2251; x_wconf 79' lang='lat' dir='ltr'>ideoque</span> <span class='ocrx_word' id='word_1_270' title='bbox 864 2209 926 2242; x_wconf 85' lang='lat' dir='ltr'>arruo</span> <span class='ocrx_word' id='word_1_271' title='bbox 942 2199 995 2242; x_wconf 71' lang='lat' dir='ltr'>tlt-i.</span> <span class='ocrx_word' id='word_1_272' title='bbox 1010 2199 1119 2244; x_wconf 85' lang='lat' dir='ltr'>Dictator</span> <span class='ocrx_word' id='word_1_273' title='bbox 1134 2204 1242 2248; x_wconf 79' lang='lat' dir='ltr'>enantibus</span> 
     </span>
     <span class='ocr_line' id='line_1_27' title="bbox 77 2253 1242 2315; baseline 0 -10"><span class='ocrx_word' id='word_1_274' title='bbox 77 2256 119 2305; x_wconf 77' lang='lat' dir='ltr'>las</span> <span class='ocrx_word' id='word_1_275' title='bbox 141 2256 380 2303; x_wconf 74' lang='lat' dir='ltr'>eit-ttartsdederat.</span> <span class='ocrx_word' id='word_1_276' title='bbox 410 2253 455 2298; x_wconf 88' lang='lat' dir='ltr'>Dio</span> <span class='ocrx_word' id='word_1_277' title='bbox 478 2258 547 2300; x_wconf 79' lang='lat' dir='ltr'>cass.</span> <span class='ocrx_word' id='word_1_278' title='bbox 562 2257 628 2313; x_wconf 78' lang='lat' dir='ltr'>ilbi,</span> <span class='ocrx_word' id='word_1_279' title='bbox 644 2257 682 2300; x_wconf 83' lang='lat' dir='ltr'>ao.</span> <span class='ocrx_word' id='word_1_280' title='bbox 712 2255 821 2306; x_wconf 74' lang='lat' dir='ltr'>Denique</span> <span class='ocrx_word' id='word_1_281' title='bbox 840 2255 913 2299; x_wconf 88' lang='lat' dir='ltr'>etiarn</span> <span class='ocrx_word' id='word_1_282' title='bbox 934 2267 1026 2308; x_wconf 77' lang='lat' dir='ltr'>poeitae</span> <span class='ocrx_word' id='word_1_283' title='bbox 1047 2258 1196 2315; x_wconf 80' lang='lat' dir='ltr'>propositae,</span> <span class='ocrx_word' id='word_1_284' title='bbox 1219 2261 1242 2305; x_wconf 89' lang='lat' dir='ltr'>el</span> 
     </span>
     <span class='ocr_line' id='line_1_28' title="bbox 77 2311 1242 2373; baseline 0.001 -13"><span class='ocrx_word' id='word_1_285' title='bbox 77 2322 181 2373; x_wconf 66' lang='lat' dir='ltr'>esent,</span> <span class='ocrx_word' id='word_1_286' title='bbox 204 2313 246 2368; x_wconf 80' lang='lat' dir='ltr'>qui</span> <span class='ocrx_word' id='word_1_287' title='bbox 269 2313 448 2368; x_wconf 81' lang='lat' dir='ltr'>detrectarent,</span> <span class='ocrx_word' id='word_1_288' title='bbox 469 2315 607 2363; x_wconf 70' lang='lat' dir='ltr'>adoperient.</span> <span class='ocrx_word' id='word_1_289' title='bbox 640 2315 702 2364; x_wconf 79' lang='lat' dir='ltr'>argo</span> <span class='ocrx_word' id='word_1_290' title='bbox 719 2311 848 2366; x_wconf 76' lang='lat' dir='ltr'>tingitina,</span> <span class='ocrx_word' id='word_1_291' title='bbox 871 2312 931 2356; x_wconf 90' lang='lat' dir='ltr'>iuter</span> <span class='ocrx_word' id='word_1_292' title='bbox 952 2312 1006 2356; x_wconf 89' lang='lat' dir='ltr'>illos</span> <span class='ocrx_word' id='word_1_293' title='bbox 1031 2316 1159 2366; x_wconf 81' lang='lat' dir='ltr'>populares</span> <span class='ocrx_word' id='word_1_294' title='bbox 1183 2328 1242 2361; x_wconf 86' lang='lat' dir='ltr'>suos</span> 
     </span>
     <span class='ocr_line' id='line_1_29' title="bbox 77 2367 1244 2427; baseline 0.001 -9"><span class='ocrx_word' id='word_1_295' title='bbox 77 2371 181 2427; x_wconf 69' lang='grc' dir='ltr'>νΙνοιιι,</span> <span class='ocrx_word' id='word_1_296' title='bbox 197 2374 242 2415; x_wconf 85' lang='lat' dir='ltr'>aut</span> <span class='ocrx_word' id='word_1_297' title='bbox 256 2370 287 2414; x_wconf 89' lang='lat' dir='ltr'>ad</span> <span class='ocrx_word' id='word_1_298' title='bbox 303 2371 364 2412; x_wconf 86' lang='lat' dir='ltr'>haec</span> <span class='ocrx_word' id='word_1_299' title='bbox 378 2369 430 2422; x_wconf 84' lang='lat' dir='ltr'>ipsa</span> <span class='ocrx_word' id='word_1_300' title='bbox 445 2368 645 2425; x_wconf 79' lang='lat' dir='ltr'>concelebranda,</span> <span class='ocrx_word' id='word_1_301' title='bbox 662 2374 704 2413; x_wconf 88' lang='lat' dir='ltr'>aut</span> <span class='ocrx_word' id='word_1_302' title='bbox 718 2380 765 2411; x_wconf 92' lang='lat' dir='ltr'>non</span> <span class='ocrx_word' id='word_1_303' title='bbox 780 2367 814 2411; x_wconf 84' lang='lat' dir='ltr'>ite</span> <span class='ocrx_word' id='word_1_304' title='bbox 829 2370 904 2412; x_wconf 90' lang='lat' dir='ltr'>mutto</span> <span class='ocrx_word' id='word_1_305' title='bbox 920 2373 989 2424; x_wconf 90' lang='lat' dir='ltr'>pust,</span> <span class='ocrx_word' id='word_1_306' title='bbox 1004 2371 1050 2413; x_wconf 87' lang='lat' dir='ltr'>hac</span> <span class='ocrx_word' id='word_1_307' title='bbox 1064 2373 1244 2424; x_wconf 83' lang='lat' dir='ltr'>opportunitate</span> 
     </span>
     <span class='ocr_line' id='line_1_30' title="bbox 72 2425 1242 2484; baseline 0 -11"><span class='ocrx_word' id='word_1_308' title='bbox 72 2428 218 2483; x_wconf 55' lang='lat' dir='ltr'>‚mistum</span> <span class='ocrx_word' id='word_1_309' title='bbox 234 2437 331 2470; x_wconf 87' lang='lat' dir='ltr'>eurmeu</span> <span class='ocrx_word' id='word_1_310' title='bbox 345 2426 484 2478; x_wconf 72' lang='lat' dir='ltr'>composuit,</span> <span class='ocrx_word' id='word_1_311' title='bbox 515 2427 563 2478; x_wconf 89' lang='lat' dir='ltr'>ipsi</span> <span class='ocrx_word' id='word_1_312' title='bbox 580 2425 679 2470; x_wconf 75' lang='lat' dir='ltr'>Caesari</span> <span class='ocrx_word' id='word_1_313' title='bbox 695 2427 755 2468; x_wconf 86' lang='lat' dir='ltr'>beue</span> <span class='ocrx_word' id='word_1_314' title='bbox 769 2426 833 2468; x_wconf 89' lang='lat' dir='ltr'>velle</span> <span class='ocrx_word' id='word_1_315' title='bbox 848 2425 962 2480; x_wconf 88' lang='lat' dir='ltr'>debebat,</span> <span class='ocrx_word' id='word_1_316' title='bbox 979 2431 1006 2470; x_wconf 93' lang='lat' dir='ltr'>ut</span> <span class='ocrx_word' id='word_1_317' title='bbox 1020 2437 1082 2470; x_wconf 88' lang='lat' dir='ltr'>unus</span> <span class='ocrx_word' id='word_1_318' title='bbox 1096 2439 1128 2471; x_wconf 86' lang='lat' dir='ltr'>ex</span> <span class='ocrx_word' id='word_1_319' title='bbox 1144 2429 1186 2481; x_wconf 85' lang='lat' dir='ltr'>iis,</span> <span class='ocrx_word' id='word_1_320' title='bbox 1202 2430 1242 2484; x_wconf 81' lang='lat' dir='ltr'>otti</span> 
     </span>
     <span class='ocr_line' id='line_1_31' title="bbox 77 2481 1241 2543; baseline -0.003 -10"><span class='ocrx_word' id='word_1_321' title='bbox 77 2484 118 2533; x_wconf 65' lang='lat' dir='ltr'>tu</span> <span class='ocrx_word' id='word_1_322' title='bbox 132 2483 249 2530; x_wconf 78' lang='lat' dir='ltr'>eit-itatis</span> <span class='ocrx_word' id='word_1_323' title='bbox 266 2486 297 2527; x_wconf 90' lang='lat' dir='ltr'>ab</span> <span class='ocrx_word' id='word_1_324' title='bbox 318 2483 360 2525; x_wconf 91' lang='lat' dir='ltr'>illo</span> <span class='ocrx_word' id='word_1_325' title='bbox 381 2487 538 2534; x_wconf 73' lang='lat' dir='ltr'>acceperant3</span> <span class='ocrx_word' id='word_1_326' title='bbox 558 2486 607 2526; x_wconf 86' lang='lat' dir='ltr'>tum</span> <span class='ocrx_word' id='word_1_327' title='bbox 628 2483 690 2535; x_wconf 83' lang='lat' dir='ltr'>ouod</span> <span class='ocrx_word' id='word_1_328' title='bbox 707 2481 820 2526; x_wconf 82' lang='lat' dir='ltr'>Caesaris</span> <span class='ocrx_word' id='word_1_329' title='bbox 842 2493 931 2526; x_wconf 83' lang='lat' dir='ltr'>revere</span> <span class='ocrx_word' id='word_1_330' title='bbox 950 2489 1019 2526; x_wconf 82' lang='lat' dir='ltr'>erarii</span> <span class='ocrx_word' id='word_1_331' title='bbox 1033 2488 1116 2527; x_wconf 88' lang='lat' dir='ltr'>tantae</span> <span class='ocrx_word' id='word_1_332' title='bbox 1131 2485 1241 2543; x_wconf 81' lang='lat' dir='ltr'>virtutes,</span> 
     </span>
     <span class='ocr_line' id='line_1_32' title="bbox 77 2538 1242 2603; baseline 0.001 -18"><span class='ocrx_word' id='word_1_333' title='bbox 77 2546 114 2603; x_wconf 68' lang='grc' dir='ltr'>ιι,</span> <span class='ocrx_word' id='word_1_334' title='bbox 129 2542 157 2587; x_wconf 83' lang='lat' dir='ltr'>si</span> <span class='ocrx_word' id='word_1_335' title='bbox 175 2540 259 2594; x_wconf 86' lang='lat' dir='ltr'>prisea</span> <span class='ocrx_word' id='word_1_336' title='bbox 274 2538 420 2591; x_wconf 84' lang='lat' dir='ltr'>reipublicae</span> <span class='ocrx_word' id='word_1_337' title='bbox 434 2538 510 2582; x_wconf 83' lang='lat' dir='ltr'>lurum</span> <span class='ocrx_word' id='word_1_338' title='bbox 525 2550 648 2582; x_wconf 88' lang='lat' dir='ltr'>remanere</span> <span class='ocrx_word' id='word_1_339' title='bbox 668 2539 772 2588; x_wconf 78' lang='lat' dir='ltr'>urrrptios</span> <span class='ocrx_word' id='word_1_340' title='bbox 794 2539 839 2581; x_wconf 88' lang='lat' dir='ltr'>iam</span> <span class='ocrx_word' id='word_1_341' title='bbox 855 2550 902 2581; x_wconf 74' lang='lat' dir='ltr'>rursm</span> <span class='ocrx_word' id='word_1_342' title='bbox 916 2544 1014 2593; x_wconf 84' lang='lat' dir='ltr'>posset,</span> <span class='ocrx_word' id='word_1_343' title='bbox 1033 2541 1078 2583; x_wconf 90' lang='lat' dir='ltr'>hoe</span> <span class='ocrx_word' id='word_1_344' title='bbox 1093 2543 1242 2587; x_wconf 82' lang='lat' dir='ltr'>moderatore</span> 
     </span>
     <span class='ocr_line' id='line_1_33' title="bbox 76 2593 1240 2658; baseline -0.003 -12"><span class='ocrx_word' id='word_1_345' title='bbox 76 2594 187 2645; x_wconf 70' lang='lat' dir='ltr'>lenam</span> <span class='ocrx_word' id='word_1_346' title='bbox 202 2596 288 2640; x_wconf 80' lang='lat' dir='ltr'>teltees</span> <span class='ocrx_word' id='word_1_347' title='bbox 302 2594 404 2639; x_wconf 84' lang='lat' dir='ltr'>luissent</span> <span class='ocrx_word' id='word_1_348' title='bbox 420 2593 505 2648; x_wconf 60' lang='lat' dir='ltr'>futuru</span> <span class='ocrx_word' id='word_1_349' title='bbox 525 2595 611 2639; x_wconf 77' lang='lat' dir='ltr'>deiende</span> <span class='ocrx_word' id='word_1_350' title='bbox 625 2595 720 2639; x_wconf 82' lang='lat' dir='ltr'>crttrsilii</span> <span class='ocrx_word' id='word_1_351' title='bbox 739 2605 833 2648; x_wconf 72' lang='lat' dir='ltr'>nitetque</span> <span class='ocrx_word' id='word_1_352' title='bbox 853 2603 918 2650; x_wconf 87' lang='lat' dir='ltr'>etat,</span> <span class='ocrx_word' id='word_1_353' title='bbox 942 2595 1085 2642; x_wconf 82' lang='lat' dir='ltr'>Tritrmvitis</span> <span class='ocrx_word' id='word_1_354' title='bbox 1099 2596 1240 2658; x_wconf 75' lang='lat' dir='ltr'>siguificare,</span> 
     </span>
     <span class='ocr_line' id='line_1_34' title="bbox 76 2651 1243 2704; baseline -0.002 -2"><span class='ocrx_word' id='word_1_355' title='bbox 76 2658 154 2703; x_wconf 69' lang='lat' dir='ltr'>illem</span> <span class='ocrx_word' id='word_1_356' title='bbox 170 2652 421 2704; x_wconf 76' lang='lat' dir='ltr'>sibtessemoitten13</span> <span class='ocrx_word' id='word_1_357' title='bbox 444 2651 546 2704; x_wconf 83' lang='lat' dir='ltr'>derriuue</span> <span class='ocrx_word' id='word_1_358' title='bbox 566 2652 669 2696; x_wconf 61' lang='lat' dir='ltr'>accessit</span> <span class='ocrx_word' id='word_1_359' title='bbox 683 2652 736 2695; x_wconf 89' lang='lat' dir='ltr'>sine</span> <span class='ocrx_word' id='word_1_360' title='bbox 757 2651 827 2694; x_wconf 86' lang='lat' dir='ltr'>dubio</span> <span class='ocrx_word' id='word_1_361' title='bbox 843 2651 960 2694; x_wconf 88' lang='lat' dir='ltr'>Pollionis</span> <span class='ocrx_word' id='word_1_362' title='bbox 975 2652 1050 2696; x_wconf 84' lang='lat' dir='ltr'>amice</span> <span class='ocrx_word' id='word_1_363' title='bbox 1066 2653 1183 2698; x_wconf 86' lang='lat' dir='ltr'>hortantis</span> <span class='ocrx_word' id='word_1_364' title='bbox 1197 2657 1243 2700; x_wconf 86' lang='lat' dir='ltr'>ad-</span> 
     </span>
     <span class='ocr_line' id='line_1_35' title="bbox 76 2707 1242 2767; baseline -0.001 -9"><span class='ocrx_word' id='word_1_365' title='bbox 76 2711 199 2767; x_wconf 71' lang='lat' dir='ltr'>mitto,</span> <span class='ocrx_word' id='word_1_366' title='bbox 223 2709 264 2764; x_wconf 79' lang='lat' dir='ltr'>oui</span> <span class='ocrx_word' id='word_1_367' title='bbox 286 2708 348 2752; x_wconf 86' lang='lat' dir='ltr'>tarit</span> <span class='ocrx_word' id='word_1_368' title='bbox 363 2711 449 2761; x_wconf 72' lang='lat' dir='ltr'>pinetae</span> <span class='ocrx_word' id='word_1_369' title='bbox 463 2708 565 2762; x_wconf 73' lang='lat' dir='ltr'>ideoque</span> <span class='ocrx_word' id='word_1_370' title='bbox 581 2708 672 2764; x_wconf 82' lang='lat' dir='ltr'>voluit,</span> <span class='ocrx_word' id='word_1_371' title='bbox 693 2713 718 2752; x_wconf 88' lang='lat' dir='ltr'>ut</span> <span class='ocrx_word' id='word_1_372' title='bbox 734 2707 771 2750; x_wconf 88' lang='lat' dir='ltr'>iris</span> <span class='ocrx_word' id='word_1_373' title='bbox 792 2708 1003 2759; x_wconf 78' lang='lat' dir='ltr'>periculosissimis</span> <span class='ocrx_word' id='word_1_374' title='bbox 1018 2710 1164 2761; x_wconf 81' lang='lat' dir='ltr'>temporibus</span> <span class='ocrx_word' id='word_1_375' title='bbox 1177 2713 1242 2757; x_wconf 80' lang='lat' dir='ltr'>vitae</span> 
     </span>
     <span class='ocr_line' id='line_1_36' title="bbox 77 2764 1242 2820; baseline -0.003 -5"><span class='ocrx_word' id='word_1_376' title='bbox 77 2778 108 2815; x_wconf 75' lang='lat' dir='ltr'>att</span> <span class='ocrx_word' id='word_1_377' title='bbox 121 2766 218 2819; x_wconf 76' lang='lat' dir='ltr'>salutis</span> <span class='ocrx_word' id='word_1_378' title='bbox 232 2771 300 2811; x_wconf 70' lang='lat' dir='ltr'>essm</span> <span class='ocrx_word' id='word_1_379' title='bbox 314 2769 402 2808; x_wconf 84' lang='lat' dir='ltr'>certus.</span> <span class='ocrx_word' id='word_1_380' title='bbox 431 2764 520 2808; x_wconf 90' lang='lat' dir='ltr'>ldclrco</span> <span class='ocrx_word' id='word_1_381' title='bbox 534 2766 656 2820; x_wconf 77' lang='lat' dir='ltr'>virgilius,</span> <span class='ocrx_word' id='word_1_382' title='bbox 674 2768 698 2809; x_wconf 92' lang='lat' dir='ltr'>ut</span> <span class='ocrx_word' id='word_1_383' title='bbox 713 2777 740 2808; x_wconf 88' lang='lat' dir='ltr'>se</span> <span class='ocrx_word' id='word_1_384' title='bbox 757 2768 850 2816; x_wconf 86' lang='lat' dir='ltr'>poetam</span> <span class='ocrx_word' id='word_1_385' title='bbox 867 2765 1094 2819; x_wconf 70' lang='lat' dir='ltr'>essesiguitiearet,</span> <span class='ocrx_word' id='word_1_386' title='bbox 1110 2769 1154 2813; x_wconf 88' lang='lat' dir='ltr'>sub</span> <span class='ocrx_word' id='word_1_387' title='bbox 1173 2769 1242 2815; x_wconf 80' lang='lat' dir='ltr'>tinent</span> 
     </span>
     <span class='ocr_line' id='line_1_37' title="bbox 79 2821 1242 2873; baseline -0.001 -2"><span class='ocrx_word' id='word_1_388' title='bbox 79 2825 200 2871; x_wconf 67' lang='lat' dir='ltr'>uminis</span> <span class='ocrx_word' id='word_1_389' title='bbox 215 2825 361 2867; x_wconf 78' lang='lat' dir='ltr'>metationem</span> <span class='ocrx_word' id='word_1_390' title='bbox 376 2832 456 2865; x_wconf 89' lang='lat' dir='ltr'>eorum</span> <span class='ocrx_word' id='word_1_391' title='bbox 471 2822 600 2865; x_wconf 84' lang='lat' dir='ltr'>curtiriuum</span> <span class='ocrx_word' id='word_1_392' title='bbox 616 2821 724 2867; x_wconf 75' lang='lat' dir='ltr'>inseruit,</span> <span class='ocrx_word' id='word_1_393' title='bbox 740 2831 802 2873; x_wconf 80' lang='lat' dir='ltr'>ottae</span> <span class='ocrx_word' id='word_1_394' title='bbox 818 2822 898 2872; x_wconf 89' lang='lat' dir='ltr'>paullo</span> <span class='ocrx_word' id='word_1_395' title='bbox 914 2826 970 2864; x_wconf 87' lang='lat' dir='ltr'>ante</span> <span class='ocrx_word' id='word_1_396' title='bbox 984 2822 1099 2867; x_wconf 82' lang='lat' dir='ltr'>ediderat.</span> <span class='ocrx_word' id='word_1_397' title='bbox 1129 2827 1165 2869; x_wconf 84' lang='lat' dir='ltr'>At</span> <span class='ocrx_word' id='word_1_398' title='bbox 1185 2837 1242 2870; x_wconf 82' lang='lat' dir='ltr'>rere</span> 
     </span>
     <span class='ocr_line' id='line_1_38' title="bbox 79 2877 1307 2939; baseline 0 -12"><span class='ocrx_word' id='word_1_399' title='bbox 79 2880 202 2939; x_wconf 68' lang='lat' dir='ltr'>Virgilius</span> <span class='ocrx_word' id='word_1_400' title='bbox 218 2880 321 2933; x_wconf 81' lang='lat' dir='ltr'>quodam</span> <span class='ocrx_word' id='word_1_401' title='bbox 336 2877 405 2931; x_wconf 76' lang='lat' dir='ltr'>quusi</span> <span class='ocrx_word' id='word_1_402' title='bbox 421 2877 545 2921; x_wconf 69' lang='lat' dir='ltr'>lrrt&#39;otucro</span> <span class='ocrx_word' id='word_1_403' title='bbox 566 2879 612 2922; x_wconf 85' lang='lat' dir='ltr'>ista</span> <span class='ocrx_word' id='word_1_404' title='bbox 637 2877 717 2921; x_wconf 86' lang='lat' dir='ltr'>orrruia</span> <span class='ocrx_word' id='word_1_405' title='bbox 731 2877 838 2928; x_wconf 75' lang='lat' dir='ltr'>t&#39;olavit3</span> <span class='ocrx_word' id='word_1_406' title='bbox 861 2879 961 2929; x_wconf 87' lang='lat' dir='ltr'>primuni</span> <span class='ocrx_word' id='word_1_407' title='bbox 984 2889 1014 2920; x_wconf 89' lang='lat' dir='ltr'>ue</span> <span class='ocrx_word' id='word_1_408' title='bbox 1029 2880 1099 2921; x_wconf 79' lang='lat' dir='ltr'>intruis</span> <span class='ocrx_word' id='word_1_409' title='bbox 1114 2880 1243 2927; x_wconf 74' lang='lat' dir='ltr'>effertderet</span> <span class='ocrx_word' id='word_1_410' title='bbox 1304 2927 1307 2933; x_wconf 89' lang='grc'><em>,</em></span> 
     </span>
     <span class='ocr_line' id='line_1_39' title="bbox 81 2934 1243 2991; baseline -0.002 -8"><span class='ocrx_word' id='word_1_411' title='bbox 81 2946 167 2985; x_wconf 67' lang='lat' dir='ltr'>uvae</span> <span class='ocrx_word' id='word_1_412' title='bbox 181 2947 266 2981; x_wconf 83' lang='lat' dir='ltr'>rerum</span> <span class='ocrx_word' id='word_1_413' title='bbox 282 2935 371 2979; x_wconf 83' lang='lat' dir='ltr'>termae</span> <span class='ocrx_word' id='word_1_414' title='bbox 386 2946 470 2978; x_wconf 80' lang='lat' dir='ltr'>osores</span> <span class='ocrx_word' id='word_1_415' title='bbox 486 2938 511 2978; x_wconf 89' lang='lat' dir='ltr'>et</span> <span class='ocrx_word' id='word_1_416' title='bbox 526 2940 638 2979; x_wconf 86' lang='lat' dir='ltr'>strenuus</span> <span class='ocrx_word' id='word_1_417' title='bbox 652 2934 803 2988; x_wconf 79' lang='lat' dir='ltr'>antiquorum</span> <span class='ocrx_word' id='word_1_418' title='bbox 818 2937 950 2985; x_wconf 87' lang='lat' dir='ltr'>temporum</span> <span class='ocrx_word' id='word_1_419' title='bbox 962 2935 1115 2991; x_wconf 80' lang='lat' dir='ltr'>laudatores;</span> <span class='ocrx_word' id='word_1_420' title='bbox 1130 2940 1179 2981; x_wconf 90' lang='lat' dir='ltr'>turn</span> <span class='ocrx_word' id='word_1_421' title='bbox 1191 2935 1243 2982; x_wconf 82' lang='lat' dir='ltr'>tor-</span> 
     </span>
     <span class='ocr_line' id='line_1_40' title="bbox 82 2989 1244 3049; baseline -0.001 -10"><span class='ocrx_word' id='word_1_422' title='bbox 82 2996 160 3043; x_wconf 74' lang='lat' dir='ltr'>tmls</span> <span class='ocrx_word' id='word_1_423' title='bbox 174 2994 267 3049; x_wconf 84' lang='lat' dir='ltr'>ettam,</span> <span class='ocrx_word' id='word_1_424' title='bbox 284 2993 345 3045; x_wconf 84' lang='lat' dir='ltr'>uuod</span> <span class='ocrx_word' id='word_1_425' title='bbox 361 2991 414 3044; x_wconf 87' lang='lat' dir='ltr'>lpse</span> <span class='ocrx_word' id='word_1_426' title='bbox 429 2991 504 3035; x_wconf 85' lang='lat' dir='ltr'>inoluit</span> <span class='ocrx_word' id='word_1_427' title='bbox 520 2993 599 3044; x_wconf 86' lang='lat' dir='ltr'>putam</span> <span class='ocrx_word' id='word_1_428' title='bbox 613 2993 698 3036; x_wconf 83' lang='lat' dir='ltr'>laudes</span> <span class='ocrx_word' id='word_1_429' title='bbox 713 2989 826 3034; x_wconf 82' lang='lat' dir='ltr'>t&#39;aesarls</span> <span class='ocrx_word' id='word_1_430' title='bbox 841 2991 977 3042; x_wconf 75' lang='lat' dir='ltr'>celebrare-3</span> <span class='ocrx_word' id='word_1_431' title='bbox 1000 2990 1102 3044; x_wconf 79' lang='lat' dir='ltr'>tertioue</span> <span class='ocrx_word' id='word_1_432' title='bbox 1116 2994 1178 3044; x_wconf 78' lang='lat' dir='ltr'>cuod</span> <span class='ocrx_word' id='word_1_433' title='bbox 1198 2995 1244 3038; x_wconf 85' lang='lat' dir='ltr'>boe</span> 
     </span>
     <span class='ocr_line' id='line_1_41' title="bbox 83 3046 1244 3109; baseline 0 -12"><span class='ocrx_word' id='word_1_434' title='bbox 83 3051 242 3109; x_wconf 78' lang='lat' dir='ltr'>aptissimum</span> <span class='ocrx_word' id='word_1_435' title='bbox 260 3056 312 3092; x_wconf 83' lang='lat' dir='ltr'>erat</span> <span class='ocrx_word' id='word_1_436' title='bbox 328 3049 359 3092; x_wconf 83' lang='lat' dir='ltr'>ad</span> <span class='ocrx_word' id='word_1_437' title='bbox 374 3048 476 3090; x_wconf 87' lang='lat' dir='ltr'>colorem</span> <span class='ocrx_word' id='word_1_438' title='bbox 493 3048 609 3101; x_wconf 81' lang='lat' dir='ltr'>poeticum</span> <span class='ocrx_word' id='word_1_439' title='bbox 624 3046 722 3092; x_wconf 87' lang='lat' dir='ltr'>carmini</span> <span class='ocrx_word' id='word_1_440' title='bbox 736 3046 917 3099; x_wconf 83' lang='lat' dir='ltr'>conciliandum,</span> <span class='ocrx_word' id='word_1_441' title='bbox 934 3047 996 3099; x_wconf 85' lang='lat' dir='ltr'>ouod</span> <span class='ocrx_word' id='word_1_442' title='bbox 1011 3052 1054 3091; x_wconf 89' lang='lat' dir='ltr'>aut</span> <span class='ocrx_word' id='word_1_443' title='bbox 1067 3046 1187 3102; x_wconf 82' lang='lat' dir='ltr'>trigidum,</span> <span class='ocrx_word' id='word_1_444' title='bbox 1201 3057 1244 3097; x_wconf 83' lang='lat' dir='ltr'>aut</span> 
     </span>
     <span class='ocr_line' id='line_1_42' title="bbox 83 3103 1245 3162; baseline -0.007 -7"><span class='ocrx_word' id='word_1_445' title='bbox 83 3110 163 3155; x_wconf 72' lang='lat' dir='ltr'>liure</span> <span class='ocrx_word' id='word_1_446' title='bbox 180 3108 285 3159; x_wconf 82' lang='lat' dir='ltr'>elegans</span> <span class='ocrx_word' id='word_1_447' title='bbox 303 3104 418 3149; x_wconf 82' lang='lat' dir='ltr'>facillimo</span> <span class='ocrx_word' id='word_1_448' title='bbox 437 3103 487 3147; x_wconf 84' lang='lat' dir='ltr'>heri</span> <span class='ocrx_word' id='word_1_449' title='bbox 508 3109 605 3158; x_wconf 82' lang='lat' dir='ltr'>posset,</span> <span class='ocrx_word' id='word_1_450' title='bbox 628 3116 700 3158; x_wconf 80' lang='lat' dir='ltr'>ouum</span> <span class='ocrx_word' id='word_1_451' title='bbox 722 3103 837 3155; x_wconf 81' lang='lat' dir='ltr'>originem</span> <span class='ocrx_word' id='word_1_452' title='bbox 859 3113 928 3147; x_wconf 83' lang='lat' dir='ltr'>suem</span> <span class='ocrx_word' id='word_1_453' title='bbox 943 3104 1043 3156; x_wconf 85' lang='lat' dir='ltr'>tempori</span> <span class='ocrx_word' id='word_1_454' title='bbox 1058 3105 1150 3159; x_wconf 85' lang='lat' dir='ltr'>pullus,</span> <span class='ocrx_word' id='word_1_455' title='bbox 1172 3117 1245 3162; x_wconf 79' lang='lat' dir='ltr'>quatu</span> 
     </span>
     <span class='ocr_line' id='line_1_43' title="bbox 84 3159 1244 3219; baseline 0.001 -10"><span class='ocrx_word' id='word_1_456' title='bbox 84 3164 179 3219; x_wconf 64' lang='lat' dir='ltr'>uene</span> <span class='ocrx_word' id='word_1_457' title='bbox 194 3165 303 3209; x_wconf 83' lang='lat' dir='ltr'>deberet.</span> <span class='ocrx_word' id='word_1_458' title='bbox 333 3164 473 3215; x_wconf 80' lang='lat' dir='ltr'>Propterea,</span> <span class='ocrx_word' id='word_1_459' title='bbox 490 3165 516 3205; x_wconf 90' lang='lat' dir='ltr'>ut</span> <span class='ocrx_word' id='word_1_460' title='bbox 531 3165 602 3214; x_wconf 83' lang='lat' dir='ltr'>poeta</span> <span class='ocrx_word' id='word_1_461' title='bbox 618 3161 752 3212; x_wconf 84' lang='lat' dir='ltr'>bucolicus,</span> <span class='ocrx_word' id='word_1_462' title='bbox 778 3160 823 3204; x_wconf 75' lang='lat' dir='ltr'>suh</span> <span class='ocrx_word' id='word_1_463' title='bbox 841 3159 975 3212; x_wconf 84' lang='lat' dir='ltr'>Daphnidis</span> <span class='ocrx_word' id='word_1_464' title='bbox 995 3171 1099 3215; x_wconf 77' lang='lat' dir='ltr'>persona</span> <span class='ocrx_word' id='word_1_465' title='bbox 1114 3162 1244 3210; x_wconf 79' lang='lat' dir='ltr'>caesarem</span> 
     </span>
     <span class='ocr_line' id='line_1_44' title="bbox 85 3214 1244 3276; baseline -0.002 -9"><span class='ocrx_word' id='word_1_466' title='bbox 85 3218 188 3269; x_wconf 73' lang='lat' dir='ltr'>beuta</span> <span class='ocrx_word' id='word_1_467' title='bbox 220 3217 331 3273; x_wconf 80' lang='lat' dir='ltr'>Daphnis</span> <span class='ocrx_word' id='word_1_468' title='bbox 349 3214 421 3263; x_wconf 84' lang='lat' dir='ltr'>heros</span> <span class='ocrx_word' id='word_1_469' title='bbox 440 3218 502 3261; x_wconf 89' lang='lat' dir='ltr'>iuter</span> <span class='ocrx_word' id='word_1_470' title='bbox 523 3218 703 3272; x_wconf 75' lang='lat' dir='ltr'>anticuisstmos</span> <span class='ocrx_word' id='word_1_471' title='bbox 724 3221 835 3269; x_wconf 86' lang='lat' dir='ltr'>pastores</span> <span class='ocrx_word' id='word_1_472' title='bbox 854 3227 914 3261; x_wconf 85' lang='lat' dir='ltr'>aevo</span> <span class='ocrx_word' id='word_1_473' title='bbox 937 3216 1053 3262; x_wconf 75' lang='lat' dir='ltr'>fabuloso.</span> <span class='ocrx_word' id='word_1_474' title='bbox 1087 3221 1150 3273; x_wconf 78' lang='lat' dir='ltr'>argo</span> <span class='ocrx_word' id='word_1_475' title='bbox 1169 3231 1244 3276; x_wconf 86' lang='lat' dir='ltr'>argu-</span> 
     </span>
     <span class='ocr_line' id='line_1_45' title="bbox 85 3274 1243 3334; baseline 0.002 -12"><span class='ocrx_word' id='word_1_476' title='bbox 85 3282 189 3325; x_wconf 66' lang='lat' dir='ltr'>mentata</span> <span class='ocrx_word' id='word_1_477' title='bbox 210 3282 303 3331; x_wconf 79' lang='lat' dir='ltr'>aptum.</span> <span class='ocrx_word' id='word_1_478' title='bbox 332 3277 369 3318; x_wconf 83' lang='lat' dir='ltr'>lta</span> <span class='ocrx_word' id='word_1_479' title='bbox 390 3275 552 3328; x_wconf 86' lang='lat' dir='ltr'>temperabat,</span> <span class='ocrx_word' id='word_1_480' title='bbox 576 3280 601 3319; x_wconf 90' lang='lat' dir='ltr'>ut</span> <span class='ocrx_word' id='word_1_481' title='bbox 623 3274 668 3329; x_wconf 79' lang='lat' dir='ltr'>(t)</span> <span class='ocrx_word' id='word_1_482' title='bbox 688 3275 793 3318; x_wconf 88' lang='lat' dir='ltr'>dotorem</span> <span class='ocrx_word' id='word_1_483' title='bbox 809 3274 839 3318; x_wconf 91' lang='lat' dir='ltr'>de</span> <span class='ocrx_word' id='word_1_484' title='bbox 854 3274 988 3327; x_wconf 83' lang='lat' dir='ltr'>Daphnidis</span> <span class='ocrx_word' id='word_1_485' title='bbox 1003 3275 1066 3320; x_wconf 87' lang='lat' dir='ltr'>obitu</span> <span class='ocrx_word' id='word_1_486' title='bbox 1082 3276 1243 3334; x_wconf 68' lang='lat' dir='ltr'>exprimerem</span> 
     </span>
     <span class='ocr_line' id='line_1_46' title="bbox 168 3329 1242 3387; baseline 0.002 -8"><span class='ocrx_word' id='word_1_487' title='bbox 168 3333 287 3379; x_wconf 75' lang='lat' dir='ltr'>carminis</span> <span class='ocrx_word' id='word_1_488' title='bbox 303 3337 394 3385; x_wconf 89' lang='lat' dir='ltr'>partem</span> <span class='ocrx_word' id='word_1_489' title='bbox 414 3331 588 3385; x_wconf 78' lang='lat' dir='ltr'>quodartrmodo</span> <span class='ocrx_word' id='word_1_490' title='bbox 610 3331 750 3376; x_wconf 83' lang='lat' dir='ltr'>alienam</span> <span class='ocrx_word' id='word_1_491' title='bbox 771 3329 814 3375; x_wconf 87' lang='lat' dir='ltr'>alli</span> <span class='ocrx_word' id='word_1_492' title='bbox 834 3330 916 3375; x_wconf 87' lang='lat' dir='ltr'>tribuit</span> <span class='ocrx_word' id='word_1_493' title='bbox 931 3332 1035 3387; x_wconf 78' lang='lat' dir='ltr'>pastorl3</span> <span class='ocrx_word' id='word_1_494' title='bbox 1063 3333 1109 3387; x_wconf 69' lang='lat' dir='ltr'>(a)</span> <span class='ocrx_word' id='word_1_495' title='bbox 1124 3335 1242 3381; x_wconf 87' lang='lat' dir='ltr'>laetitiam</span> 
     </span>
     <span class='ocr_line' id='line_1_47' title="bbox 86 3344 1242 3495; baseline -0.001 -58"><span class='ocrx_word' id='word_1_496' title='bbox 86 3344 173 3495; x_wconf 57' lang='grc' dir='ltr'>ξιῧι</span> <span class='ocrx_word' id='word_1_497' title='bbox 190 3389 266 3435; x_wconf 88' lang='lat' dir='ltr'>trulde</span> <span class='ocrx_word' id='word_1_498' title='bbox 285 3391 359 3433; x_wconf 87' lang='lat' dir='ltr'>beroe</span> <span class='ocrx_word' id='word_1_499' title='bbox 378 3388 442 3439; x_wconf 85' lang='lat' dir='ltr'>iuter¹</span> <span class='ocrx_word' id='word_1_500' title='bbox 460 3389 527 3431; x_wconf 84' lang='lat' dir='ltr'>diuos</span> <span class='ocrx_word' id='word_1_501' title='bbox 549 3392 652 3441; x_wconf 87' lang='lat' dir='ltr'>recepto.</span> <span class='ocrx_word' id='word_1_502' title='bbox 681 3390 733 3432; x_wconf 84' lang='lat' dir='ltr'>line</span> <span class='ocrx_word' id='word_1_503' title='bbox 755 3386 777 3430; x_wconf 89' lang='lat' dir='ltr'>ei</span> <span class='ocrx_word' id='word_1_504' title='bbox 798 3387 889 3439; x_wconf 85' lang='lat' dir='ltr'>pastori</span> <span class='ocrx_word' id='word_1_505' title='bbox 911 3387 1020 3439; x_wconf 80' lang='lat' dir='ltr'>retinuit,</span> <span class='ocrx_word' id='word_1_506' title='bbox 1048 3390 1116 3433; x_wconf 84' lang='lat' dir='ltr'>euius</span> <span class='ocrx_word' id='word_1_507' title='bbox 1138 3402 1242 3443; x_wconf 81' lang='lat' dir='ltr'>personia</span> 
     </span>
     <span class='ocr_line' id='line_1_48' title="bbox 117 3405 1242 3503; baseline 0.001 -11"><span class='ocrx_word' id='word_1_508' title='bbox 117 3460 164 3495; x_wconf 79' lang='lat' dir='ltr'>esra</span> <span class='ocrx_word' id='word_1_509' title='bbox 174 3405 235 3503; x_wconf 47' lang='lat' dir='ltr'>ipss</span> <span class='ocrx_word' id='word_1_510' title='bbox 250 3455 297 3490; x_wconf 84' lang='lat' dir='ltr'>stra</span> <span class='ocrx_word' id='word_1_511' title='bbox 311 3454 383 3489; x_wconf 88' lang='lat' dir='ltr'>sensu</span> <span class='ocrx_word' id='word_1_512' title='bbox 398 3446 495 3488; x_wconf 82' lang='lat' dir='ltr'>volebat</span> <span class='ocrx_word' id='word_1_513' title='bbox 507 3444 649 3497; x_wconf 85' lang='lat' dir='ltr'>signiticare.</span> <span class='ocrx_word' id='word_1_514' title='bbox 665 3445 778 3489; x_wconf 83' lang='lat' dir='ltr'>ceterum</span> <span class='ocrx_word' id='word_1_515' title='bbox 794 3454 841 3488; x_wconf 91' lang='lat' dir='ltr'>neu</span> <span class='ocrx_word' id='word_1_516' title='bbox 854 3442 948 3497; x_wconf 83' lang='lat' dir='ltr'>singule</span> <span class='ocrx_word' id='word_1_517' title='bbox 964 3445 1065 3499; x_wconf 70' lang='lat' dir='ltr'>ottaet&#39;ls</span> <span class='ocrx_word' id='word_1_518' title='bbox 1081 3447 1242 3493; x_wconf 79' lang='lat' dir='ltr'>art-amussim</span> 
     </span>
     <span class='ocr_line' id='line_1_49' title="bbox 87 3500 1242 3563; baseline 0.003 -17"><span class='ocrx_word' id='word_1_519' title='bbox 87 3504 222 3563; x_wconf 58' lang='lat' dir='ltr'>meede,</span> <span class='ocrx_word' id='word_1_520' title='bbox 243 3503 279 3547; x_wconf 83' lang='lat' dir='ltr'>ita</span> <span class='ocrx_word' id='word_1_521' title='bbox 292 3506 318 3547; x_wconf 89' lang='lat' dir='ltr'>ut</span> <span class='ocrx_word' id='word_1_522' title='bbox 334 3503 417 3545; x_wconf 87' lang='lat' dir='ltr'>leones</span> <span class='ocrx_word' id='word_1_523' title='bbox 432 3500 486 3546; x_wconf 84' lang='lat' dir='ltr'>Alri</span> <span class='ocrx_word' id='word_1_524' title='bbox 509 3501 558 3546; x_wconf 88' lang='lat' dir='ltr'>siut</span> <span class='ocrx_word' id='word_1_525' title='bbox 572 3500 617 3545; x_wconf 80' lang='lat' dir='ltr'>teri</span> <span class='ocrx_word' id='word_1_526' title='bbox 633 3501 714 3555; x_wconf 91' lang='lat' dir='ltr'>populi</span> <span class='ocrx_word' id='word_1_527' title='bbox 729 3501 828 3545; x_wconf 79' lang='lat' dir='ltr'>Africae</span> <span class='ocrx_word' id='word_1_528' title='bbox 847 3505 870 3544; x_wconf 90' lang='lat' dir='ltr'>et</span> <span class='ocrx_word' id='word_1_529' title='bbox 885 3502 982 3546; x_wconf 85' lang='lat' dir='ltr'>similia.</span> <span class='ocrx_word' id='word_1_530' title='bbox 1012 3503 1060 3546; x_wconf 86' lang='lat' dir='ltr'>sed</span> <span class='ocrx_word' id='word_1_531' title='bbox 1076 3507 1101 3547; x_wconf 88' lang='lat' dir='ltr'>ut</span> <span class='ocrx_word' id='word_1_532' title='bbox 1114 3503 1138 3547; x_wconf 93' lang='lat' dir='ltr'>lu</span> <span class='ocrx_word' id='word_1_533' title='bbox 1153 3507 1242 3557; x_wconf 80' lang='lat' dir='ltr'>quavis</span> 
     </span>
     <span class='ocr_line' id='line_1_50' title="bbox 86 3558 1242 3619; baseline -0.001 -12"><span class='ocrx_word' id='word_1_534' title='bbox 86 3558 188 3619; x_wconf 68' lang='lat' dir='ltr'>henne</span> <span class='ocrx_word' id='word_1_535' title='bbox 202 3560 322 3616; x_wconf 61' lang='lat' dir='ltr'>quamam</span> <span class='ocrx_word' id='word_1_536' title='bbox 343 3558 461 3603; x_wconf 86' lang='lat' dir='ltr'>adduntur</span> <span class='ocrx_word' id='word_1_537' title='bbox 483 3558 513 3601; x_wconf 83' lang='lat' dir='ltr'>ad</span> <span class='ocrx_word' id='word_1_538' title='bbox 529 3558 694 3602; x_wconf 82' lang='lat' dir='ltr'>exornandum</span> <span class='ocrx_word' id='word_1_539' title='bbox 715 3569 761 3601; x_wconf 92' lang='lat' dir='ltr'>uon</span> <span class='ocrx_word' id='word_1_540' title='bbox 785 3558 937 3609; x_wconf 74' lang='lat' dir='ltr'>successuris,</span> <span class='ocrx_word' id='word_1_541' title='bbox 964 3559 1007 3602; x_wconf 87' lang='lat' dir='ltr'>sed</span> <span class='ocrx_word' id='word_1_542' title='bbox 1024 3558 1194 3617; x_wconf 72' lang='lat' dir='ltr'>mmanuelis,</span> <span class='ocrx_word' id='word_1_543' title='bbox 1215 3567 1242 3608; x_wconf 91' lang='lat' dir='ltr'>ut</span> 
     </span>
     <span class='ocr_line' id='line_1_51' title="bbox 87 3613 1241 3676; baseline 0 -14"><span class='ocrx_word' id='word_1_544' title='bbox 87 3620 220 3676; x_wconf 59' lang='lat' dir='ltr'>ment,</span> <span class='ocrx_word' id='word_1_545' title='bbox 236 3617 273 3661; x_wconf 81' lang='lat' dir='ltr'>lta</span> <span class='ocrx_word' id='word_1_546' title='bbox 287 3616 311 3660; x_wconf 90' lang='lat' dir='ltr'>in</span> <span class='ocrx_word' id='word_1_547' title='bbox 326 3617 372 3660; x_wconf 87' lang='lat' dir='ltr'>hac</span> <span class='ocrx_word' id='word_1_548' title='bbox 387 3614 490 3667; x_wconf 85' lang='lat' dir='ltr'>imagine</span> <span class='ocrx_word' id='word_1_549' title='bbox 505 3618 581 3659; x_wconf 89' lang='lat' dir='ltr'>toturn</span> <span class='ocrx_word' id='word_1_550' title='bbox 596 3614 662 3670; x_wconf 89' lang='lat' dir='ltr'>eius,</span> <span class='ocrx_word' id='word_1_551' title='bbox 678 3613 719 3668; x_wconf 80' lang='lat' dir='ltr'>oui</span> <span class='ocrx_word' id='word_1_552' title='bbox 733 3624 786 3657; x_wconf 88' lang='lat' dir='ltr'>earu</span> <span class='ocrx_word' id='word_1_553' title='bbox 801 3613 918 3668; x_wconf 87' lang='lat' dir='ltr'>exhibuit,</span> <span class='ocrx_word' id='word_1_554' title='bbox 934 3616 1060 3660; x_wconf 79' lang='lat' dir='ltr'>eorrsillunr</span> <span class='ocrx_word' id='word_1_555' title='bbox 1073 3621 1183 3667; x_wconf 86' lang='lat' dir='ltr'>spectare</span> <span class='ocrx_word' id='word_1_556' title='bbox 1198 3618 1241 3662; x_wconf 90' lang='lat' dir='ltr'>de-</span> 
     </span>
     <span class='ocr_line' id='line_1_52' title="bbox 86 3670 1242 3731; baseline 0.003 -14"><span class='ocrx_word' id='word_1_557' title='bbox 86 3674 181 3731; x_wconf 58' lang='lat' dir='ltr'>um</span> <span class='ocrx_word' id='word_1_558' title='bbox 202 3684 260 3719; x_wconf 84' lang='lat' dir='ltr'>nam</span> <span class='ocrx_word' id='word_1_559' title='bbox 282 3673 323 3726; x_wconf 84' lang='lat' dir='ltr'>out</span> <span class='ocrx_word' id='word_1_560' title='bbox 337 3672 432 3726; x_wconf 83' lang='lat' dir='ltr'>singula</span> <span class='ocrx_word' id='word_1_561' title='bbox 447 3671 549 3723; x_wconf 82' lang='lat' dir='ltr'>coaevis</span> <span class='ocrx_word' id='word_1_562' title='bbox 564 3674 606 3726; x_wconf 83' lang='lat' dir='ltr'>pei</span> <span class='ocrx_word' id='word_1_563' title='bbox 621 3674 785 3724; x_wconf 85' lang='lat' dir='ltr'>metaphoram</span> <span class='ocrx_word' id='word_1_564' title='bbox 806 3672 868 3716; x_wconf 84' lang='lat' dir='ltr'>dictu</span> <span class='ocrx_word' id='word_1_565' title='bbox 883 3670 1010 3727; x_wconf 86' lang='lat' dir='ltr'>sumserit,</span> <span class='ocrx_word' id='word_1_566' title='bbox 1031 3670 1055 3714; x_wconf 92' lang='lat' dir='ltr'>ln</span> <span class='ocrx_word' id='word_1_567' title='bbox 1070 3671 1189 3719; x_wconf 79' lang='lat' dir='ltr'>matrimes</span> <span class='ocrx_word' id='word_1_568' title='bbox 1202 3674 1242 3720; x_wconf 86' lang='lat' dir='ltr'>in-</span> 
     </span>
     <span class='ocr_line' id='line_1_53' title="bbox 86 3720 489 3785; baseline -0.017 -8"><span class='ocrx_word' id='word_1_569' title='bbox 86 3732 143 3781; x_wconf 62' lang='lat' dir='ltr'>“et</span> <span class='ocrx_word' id='word_1_570' title='bbox 158 3726 293 3785; x_wconf 83' lang='lat' dir='ltr'>ineptias.“</span> <span class='ocrx_word' id='word_1_571' title='bbox 321 3731 388 3774; x_wconf 81' lang='lat' dir='ltr'>llaec</span> <span class='ocrx_word' id='word_1_572' title='bbox 401 3720 489 3781; x_wconf 75' lang='lat' dir='ltr'>spots</span> 
     </span>
     <span class='ocr_line' id='line_1_54' title="bbox 81 3781 1241 3839; baseline -0.002 -4"><span class='ocrx_word' id='word_1_573' title='bbox 81 3816 88 3825; x_wconf 96' lang='lat'>-</span> <span class='ocrx_word' id='word_1_574' title='bbox 138 3786 270 3835; x_wconf 65' lang='lat' dir='ltr'>madert.</span> <span class='ocrx_word' id='word_1_575' title='bbox 292 3790 373 3830; x_wconf 89' lang='lat' dir='ltr'>autem</span> <span class='ocrx_word' id='word_1_576' title='bbox 391 3782 525 3838; x_wconf 82' lang='lat' dir='ltr'>lleyniants</span> <span class='ocrx_word' id='word_1_577' title='bbox 546 3784 607 3826; x_wconf 83' lang='lat' dir='ltr'>haec</span> <span class='ocrx_word' id='word_1_578' title='bbox 627 3782 740 3828; x_wconf 86' lang='lat' dir='ltr'>inseruit:</span> <span class='ocrx_word' id='word_1_579' title='bbox 770 3781 815 3839; x_wconf 84' lang='lat' dir='ltr'>„sl</span> <span class='ocrx_word' id='word_1_580' title='bbox 835 3783 867 3827; x_wconf 88' lang='lat' dir='ltr'>ad</span> <span class='ocrx_word' id='word_1_581' title='bbox 888 3782 1035 3839; x_wconf 62' lang='lat' dir='ltr'>caesarem,</span> <span class='ocrx_word' id='word_1_582' title='bbox 1052 3783 1091 3828; x_wconf 88' lang='lat' dir='ltr'>eui</span> <span class='ocrx_word' id='word_1_583' title='bbox 1110 3794 1172 3831; x_wconf 84' lang='lat' dir='ltr'>arrno</span> <span class='ocrx_word' id='word_1_584' title='bbox 1186 3787 1241 3833; x_wconf 66' lang='lat' dir='ltr'>tte.</span> 
     </span>
     <span class='ocr_line' id='line_1_55' title="bbox 86 3839 1240 3896; baseline -0.006 -2"><span class='ocrx_word' id='word_1_585' title='bbox 86 3843 250 3893; x_wconf 72' lang='lat' dir='ltr'>atriensem</span> <span class='ocrx_word' id='word_1_586' title='bbox 271 3842 347 3886; x_wconf 87' lang='lat' dir='ltr'>diuini</span> <span class='ocrx_word' id='word_1_587' title='bbox 368 3844 472 3885; x_wconf 87' lang='lat' dir='ltr'>honores</span> <span class='ocrx_word' id='word_1_588' title='bbox 487 3840 577 3884; x_wconf 90' lang='lat' dir='ltr'>decretl</span> <span class='ocrx_word' id='word_1_589' title='bbox 591 3844 661 3896; x_wconf 80' lang='lat' dir='ltr'>errrrt,</span> <span class='ocrx_word' id='word_1_590' title='bbox 684 3840 825 3893; x_wconf 84' lang='lat' dir='ltr'>respexisse</span> <span class='ocrx_word' id='word_1_591' title='bbox 840 3842 910 3892; x_wconf 88' lang='lat' dir='ltr'>putes</span> <span class='ocrx_word' id='word_1_592' title='bbox 924 3839 1064 3895; x_wconf 83' lang='lat' dir='ltr'>Virgilium,</span> <span class='ocrx_word' id='word_1_593' title='bbox 1075 3844 1154 3895; x_wconf 67' lang='lat' dir='ltr'>eum,</span> <span class='ocrx_word' id='word_1_594' title='bbox 1176 3845 1240 3890; x_wconf 85' lang='lat' dir='ltr'>bello</span> 
     </span>
     <span class='ocr_line' id='line_1_56' title="bbox 86 3896 1240 3959; baseline 0.005 -18"><span class='ocrx_word' id='word_1_595' title='bbox 86 3900 215 3949; x_wconf 68' lang='lat' dir='ltr'>minut</span> <span class='ocrx_word' id='word_1_596' title='bbox 231 3899 297 3953; x_wconf 80' lang='lat' dir='ltr'>egris</span> <span class='ocrx_word' id='word_1_597' title='bbox 310 3898 397 3942; x_wconf 88' lang='lat' dir='ltr'>vicinis</span> <span class='ocrx_word' id='word_1_598' title='bbox 410 3898 475 3943; x_wconf 85' lang='lat' dir='ltr'>baud</span> <span class='ocrx_word' id='word_1_599' title='bbox 490 3897 561 3942; x_wconf 91' lang='lat' dir='ltr'>dubie</span> <span class='ocrx_word' id='word_1_600' title='bbox 577 3896 694 3952; x_wconf 80' lang='lat' dir='ltr'>uastatis,</span> <span class='ocrx_word' id='word_1_601' title='bbox 715 3896 834 3949; x_wconf 63' lang='lat' dir='ltr'>notrisque</span> <span class='ocrx_word' id='word_1_602' title='bbox 848 3896 919 3938; x_wconf 81' lang='lat' dir='ltr'>maile</span> <span class='ocrx_word' id='word_1_603' title='bbox 940 3906 973 3940; x_wconf 84' lang='lat' dir='ltr'>ex</span> <span class='ocrx_word' id='word_1_604' title='bbox 987 3896 1107 3942; x_wconf 79' lang='lat' dir='ltr'>diuisione</span> <span class='ocrx_word' id='word_1_605' title='bbox 1120 3911 1240 3959; x_wconf 85' lang='lat' dir='ltr'>agrorum,</span> 
     </span>
     <span class='ocr_line' id='line_1_57' title="bbox 85 3951 1242 4011; baseline 0.002 -11"><span class='ocrx_word' id='word_1_606' title='bbox 85 3958 209 4007; x_wconf 67' lang='lat' dir='ltr'>marma</span> <span class='ocrx_word' id='word_1_607' title='bbox 226 3956 355 4011; x_wconf 84' lang='lat' dir='ltr'>promissa,</span> <span class='ocrx_word' id='word_1_608' title='bbox 372 3957 427 4008; x_wconf 87' lang='lat' dir='ltr'>post</span> <span class='ocrx_word' id='word_1_609' title='bbox 438 3953 566 4007; x_wconf 82' lang='lat' dir='ltr'>Philippos</span> <span class='ocrx_word' id='word_1_610' title='bbox 579 3952 766 4009; x_wconf 86' lang='lat' dir='ltr'>imminentibus,</span> <span class='ocrx_word' id='word_1_611' title='bbox 783 3954 828 3996; x_wconf 91' lang='lat' dir='ltr'>hoc</span> <span class='ocrx_word' id='word_1_612' title='bbox 845 3951 950 3997; x_wconf 87' lang='lat' dir='ltr'>carmine</span> <span class='ocrx_word' id='word_1_613' title='bbox 965 3953 1109 4001; x_wconf 89' lang='lat' dir='ltr'>desiderium</span> <span class='ocrx_word' id='word_1_614' title='bbox 1120 3956 1242 4005; x_wconf 79' lang='lat' dir='ltr'>felicitatis</span> 
     </span>
     <span class='ocr_line' id='line_1_58' title="bbox 86 4009 1129 4071; baseline -0.007 -8"><span class='ocrx_word' id='word_1_615' title='bbox 86 4016 193 4071; x_wconf 63' lang='lat' dir='ltr'>erlem</span> <span class='ocrx_word' id='word_1_616' title='bbox 207 4018 345 4068; x_wconf 76' lang='lat' dir='ltr'>templerum</span> <span class='ocrx_word' id='word_1_617' title='bbox 360 4012 466 4058; x_wconf 76' lang='lat' dir='ltr'>caesare</span> <span class='ocrx_word' id='word_1_618' title='bbox 480 4009 597 4055; x_wconf 86' lang='lat' dir='ltr'>dictatore</span> <span class='ocrx_word' id='word_1_619' title='bbox 612 4011 772 4068; x_wconf 82' lang='lat' dir='ltr'>expressisse,</span> <span class='ocrx_word' id='word_1_620' title='bbox 789 4021 835 4053; x_wconf 93' lang='lat' dir='ltr'>nou</span> <span class='ocrx_word' id='word_1_621' title='bbox 850 4010 996 4055; x_wconf 86' lang='lat' dir='ltr'>incommode</span> <span class='ocrx_word' id='word_1_622' title='bbox 1009 4015 1129 4059; x_wconf 84' lang='lat' dir='ltr'>statues.“</span> 
     </span>
    </p>
   </div>
   <div class='ocr_carea' id='block_1_4' title="bbox 554 4252 769 4262">
    <p class='ocr_par' dir='ltr' id='par_1_4' title="bbox 554 4252 769 4262">
     <span class='ocr_line' id='line_1_59' title="bbox 554 4252 769 4262; baseline -0.005 -1"><span class='ocrx_word' id='word_1_623' title='bbox 554 4252 769 4262; x_wconf 48' lang='lat' dir='ltr'>*nna——</span> 
     </span>
    </p>
   </div>
   <div class='ocr_carea' id='block_1_5' title="bbox 0 0 1359 4950">
    <p class='ocr_par' dir='ltr' id='par_1_5' title="bbox 0 0 1359 4950">
     <span class='ocr_line' id='line_1_60' title="bbox 0 0 1359 4950; baseline 0 0"><span class='ocrx_word' id='word_1_624' title='bbox 0 0 1359 4950; x_wconf 95' lang='lat' dir='ltr'> </span> 
     </span>
    </p>
   </div>
  </div>
 </body>
</html>
