2676 4950
289 264 387 356 mss.
402 294 449 355 nn
471 295 499 355 r.
518 294 607 356 vino.
622 294 706 354 nan.
720 292 805 355 vira
818 292 866 353 nr
884 292 991 354 naam.
1175 310 1228 354 m

62 459 236 537 quibusdam
261 458 426 535 credamus,
455 460 510 517 boo
532 474 645 518 carmen
667 463 768 534 postea
794 461 824 517 in
845 458 938 517 multis
960 457 1033 516 locis
1052 458 1088 518 ab
1110 463 1228 529 anctore

64 560 130 602 esse
152 535 357 617 mutatum⁴⁶),
389 547 418 600 nt
443 542 541 599 ultima
570 545 597 599 ai
624 557 720 600 manus
753 540 865 599 demum
891 540 986 616 paullo
1014 545 1079 599 anta
1109 541 1228 611 montem

62 630 170 703 potitae
195 623 237 697 (a.
262 616 348 694 735.)
369 627 501 699 imposita
523 626 584 683 sit·
611 624 694 683 Nulla
715 626 790 682 enirn
817 627 846 682 in
875 640 909 681 ao
931 639 978 681 res
997 627 1079 696 gesta
1101 640 1229 684 comme·
1314 674 1317 679 .

61 712 197 782 moratur,
225 722 300 783 quae
327 723 428 765 annum
460 698 528 764 724.
560 700 778 778 4444444440).
823 705 944 781 Scripsit
975 710 1069 778 aulem
1096 707 1228 782 Virgilius

63 791 203 864 Georgica
225 792 375 847 maximam
396 791 533 863 temporis
554 791 665 864 partem
685 789 714 846 in
736 788 816 849 ltalia
837 787 967 846 interiori
990 804 1176 864 commorans,
1200 795 1229 854 et

60 873 183 947 Neapoli
214 870 328 946 quidem
356 863 541 944 coniecit47).
584 871 750 944 Priusquam
775 885 845 927 varo
867 869 922 928 boo
951 879 1064 929 carmen
1087 870 1123 931 ad
1144 873 1228 933 Artem

61 955 214 1031 perduxit,
243 957 300 1012 iam
327 951 363 1012 de
389 952 562 1013 Aeneide
590 951 798 1017 conscribenda
817 945 1020 1024 cogitavlt⁴⁸);
1050 969 1133 1029 quam
1155 972 1228 1031 pro-

60 1044 163 1114 pterea
194 1053 251 1095 non
286 1036 332 1095 diu
367 1039 434 1110 post
469 1033 607 1110 Georgica
647 1034 778 1093 absoluta
808 1033 923 1092 videtur
954 1036 1114 1095 inchoasse.
1168 1038 1227 1097 lm-

60 1118 160 1196 pendit
191 1122 286 1177 autern
316 1119 381 1176 huie
413 1120 494 1193 operi
516 1117 617 1176 decem
639 1133 728 1178 annos
751 1109 993 1193 (tae-735),
1024 1119 1125 1192 quibus
1154 1137 1227 1196 par-

61 1206 110 1262 tim
144 1204 174 1258 in
206 1201 371 1276 Campania,
415 1203 517 1276 partim
547 1202 576 1257 in
608 1199 707 1259 Sicilia
741 1202 860 1277 uixiisse
890 1197 995 1258 dicitur
1015 1193 1070 1269 49).
1124 1202 1227 1278 Magno

63 1456 223 1522 scriptorum
240 1456 398 1513 mentionem
417 1454 516 1508 iaciat?
551 1455 637 1518 Quare
657 1454 720 1507 milri
739 1455 845 1521 paridem
869 1455 1001 1521 vulgarem
1026 1457 1175 1522 opinionem
1195 1457 1229 1513 de

62 1522 108 1574 Vll
165 1524 206 1574 nis
225 1523 251 1573 in
277 1521 328 1574 boc
352 1525 465 1576 carmine
486 1522 625 1589 pangendo
645 1526 786 1576 consnmtis
815 1522 928 1575 nondum
954 1522 1056 1576 ridetur
1080 1522 1227 1590 infregisse.

64 1587 113 1641 Gui
127 1536 196 1643 ξω
217 1587 267 1640 boc
285 1590 396 1655 spatium
414 1593 490 1642 nimis
514 1590 619 1654 longum
638 1589 771 1656 videatur,
795 1591 818 1641 is
843 1595 960 1656 reputet,
981 1588 1132 1657 Virgilium,
1150 1605 1229 1658 quent

61 1660 169 1710 veteres
195 1657 301 1708 omnino
327 1656 415 1722 paullo
433 1657 572 1710 tardiorem
598 1656 679 1709 luisse
706 1659 733 1707 in
752 1657 908 1708 carminibus
926 1657 1112 1722 conrponendis
1131 1663 1158 1711 et
1177 1672 1227 1711 ax-

62 1721 197 1842 goliendis
216 1721 333 1775 relernnt
350 1721 396 1787 [cl.
419 1722 521 1784 Quinct.
541 1721 603 1775 lnst.
614 1722 643 1788 X,
665 1723 689 1788 3,
710 1722 735 1776 8.
756 1721 942 1788 GelliusllVll‚
956 1723 995 1777 10.
1016 1722 1107 1777 Donat.
1128 1724 1227 1792 §.dd-J,

81 1800 159 1843 ecem
182 1787 296 1855 Eclogas
317 1790 382 1842 intra
401 1790 554 1844 sexennium
575 1790 763 1906 conscripsisse
789 1796 815 1843 et
833 1789 945 1844 Aeneidi
962 1791 1117 1856 pungendae
1134 1792 1228 1845 decem

62 1869 145 1908 annos
161 1856 339 1922 impendisse3
360 1863 387 1909 et
403 1857 424 1909 si
439 1862 577 1923 praeterea
595 1857 668 1908 consi
690 1869 800 1920 eramus,
817 1858 930 1922 poetam,
949 1871 1027 1923 quum
1042 1870 1057 1909 a
1072 1857 1226 1912 Maecenate

63 1922 100 1975 ad
119 1920 247 1987 Georgica
266 1923 383 1976 canenda
401 1927 566 1987 excitaretur,
586 1922 619 1974 ad
641 1922 691 1974 boc
709 1937 813 1975 carmen
831 1923 941 1977 sortasse
960 1922 1074 1976 nondum
1093 1927 1157 1976 satis
1174 1939 1227 1992 pn-

62 1992 148 2042 ratum
166 1986 262 2055 inissa,
283 1995 312 2041 ut
329 1991 396 2043 inter
415 1990 581 2043 scribendum
609 1989 688 2041 multa
710 1989 822 2054 legenda
839 1996 866 2043 et
884 1990 1033 2044 meditanda
1053 1997 1158 2058 essent,
1181 1992 1228 2044 ilio

60 2056 122 2122 ipsb
141 2062 228 2108 autam
254 2061 372 2122 tempore
391 2057 540 2111 ualetudine
566 2059 650 2109 nrinus
668 2069 793 2123 prospera
818 2070 893 2109 nsum
911 2070 987 2123 esse,
1018 2061 1046 2111 et
1065 2071 1098 2112 44
1115 2059 1173 2125 ipsa
1192 2059 1226 2114 44

61 2135 142 2174 cansa
169 2121 217 2174 sub
243 2123 345 2177 mitiore
366 2124 458 2178 ltaliae
487 2123 618 2178 interioris
640 2123 715 2177 coelo
738 2125 853 2191 vixisse,
878 2123 943 2177 illud
962 2125 1128 2191 septennium
1145 2125 1226 2180 multo

60 2191 148 2242 minus
166 2188 325 2242 mirabimur.
720 2202 726 2213 ⁸
814 2194 818 2206 ·

128 2256 175 2320 45)
210 2255 251 2306 Ad
274 2255 321 2309 iras
348 2258 504 2311 mutationes
528 2259 641 2323 pertinet
659 2258 738 2311 etiam
765 2255 995 2309 Grammaticorum
1019 2257 1065 2312 illa
1090 2257 1186 2324 tabula,
1210 2274 1226 2313 a

61 2322 172 2388 Virgilio
190 2323 218 2374 in
241 2321 377 2388 Georgicis
407 2331 511 2391 praeter
530 2322 699 2394 Octavianum
719 2329 745 2378 et
761 2323 940 2377 Maecenatem
967 2323 1012 2387 [el.
1035 2325 1100 2379 Geo.
1121 2325 1147 2391 1,
1166 2329 1226 2382 500.

60 2388 206 2455 111‚16.-
225 2388 246 2455 Ι,
262 2389 286 2443 2.
307 2390 340 2456 ΙΙ,
360 2393 401 2445 40.
424 2390 469 2455 ΙΙΙ,
482 2391 522 2444 42.
543 2395 607 2454 444.)
627 2393 704 2444 etiam
724 2389 800 2442 Corn.
817 2391 919 2442 Gallum
935 2391 1056 2444 laudibus
1075 2400 1227 2446 exornatum

61 2455 155 2519 inisse,
173 2455 223 2510 sed
241 2462 321 2509 totum
339 2456 407 2509 hunc
423 2457 481 2509 libri
495 2457 535 2510 lV.
557 2458 642 2509 loetum
657 2464 716 2524 post
728 2457 805 2510 buius
820 2462 927 2510 mortem
943 2456 980 2523 (a.
992 2458 1065 2524 728.)
1081 2457 1226 2513 Octauiano

60 2523 173 2577 iubente
191 2524 218 2574 in
237 2524 351 2577 Aristaei
370 2524 481 2576 tabulam
502 2529 625 2577 mutatum
644 2538 713 2578 esse.

128 2604 175 2670 46)
212 2603 276 2657 Nam
296 2608 373 2660 etiam
393 2606 473 2662 uerba
493 2608 538 2659 illa
556 2606 589 2665 ll,
604 2607 661 2661 407.
680 2605 732 2659 Aul
746 2606 884 2659 coniurato
903 2606 1065 2660 descendens
1082 2608 1174 2662 Dacos
1192 2611 1226 2663 cb

58 2670 144 2736 Istro,
173 2685 243 2739 quae
262 2672 344 2741 Heyn.
371 2673 444 2726 444.
463 2674 522 2729 725.
545 2676 677 2740 pertinere
702 2679 801 2730 censet,
826 2675 914 2739 potius
933 2673 964 2725 ad
986 2689 1009 2727 a.
1029 2677 1087 2730 724.
1105 2677 1228 2732 uidentur

59 2737 210 2792 relerenda.
246 2737 311 2792 Nam
330 2740 393 2792 Daci
418 2755 476 2792 curn
500 2741 647 2808 Bastarnis,
672 2739 771 2793 Moesis
795 2741 907 2807 aliisque
932 2741 1053 2807 gentibus
1081 2742 1113 2795 ad
1133 2745 1226 2797 istrum

61 2804 240 2859 habitantibus
260 2807 311 2858 iam
330 2807 392 2860 inde
411 2806 442 2859 ab
461 2822 484 2860 4.
503 2807 562 2861 723.
584 2808 734 2873 provincias
753 2807 880 2859 Romanas
899 2813 1071 2874 vastaverant,
1091 2824 1171 2876 quare
1191 2811 1225 2864 bi.

60 2871 172 2924 Grassus
191 2886 214 2924 4.
236 2873 286 2926 724
314 2879 403 2926 contra
423 2888 471 2927 eos
488 2873 620 2941 proiectus
640 2880 687 2928 est.
723 2872 776 2938 (Gi.
794 2873 844 2925 llio
858 2872 981 2939 Cassii,
994 2875 1036 2928 23.
1052 2877 1093 2930 24.
1114 2883 1228 2945 atquae

61 2938 95 2991 44
113 2938 180 2993 Aen.
199 2937 255 3006 Vll,
274 2940 330 2994 604.
350 2941 552 3006 adnotavimus.)
587 2941 661 2993 Anno
681 2946 766 2993 autem
784 2940 860 2996 725.,
878 2943 947 2991 omni
972 2941 1098 2994 bellorum
1118 2945 1227 2997 tumultu

59 3004 163 3072 sedato,
182 3005 237 3058 iani
258 3007 379 3073 templum
398 3008 523 3073 clausum,
542 3022 591 3061 nec
611 3012 670 3060 ante
690 3006 789 3061 4727.
810 3019 897 3057 rtrrsus
913 3012 1055 3060 reseratum
1075 3014 1128 3076 est,
1149 3025 1226 3077 qnam

61 3086 121 3124 rem
146 3071 215 3125 4444
241 3073 438 3128 memorabilem
456 3073 573 3142 prolecto
592 3086 642 3125 non
665 3074 786 3125 intactam
804 3073 956 3138 reliquisset
974 3074 1109 3140 Virgilian,
1136 3080 1158 3129 si
1176 3076 1228 3129 boc

66 3150 173 3191 casinen
190 3143 248 3205 post
265 3154 287 3191 4.
300 3140 358 3194 725.
379 3145 552 3206 conscriptum
570 3141 610 3194 uel
630 3140 728 3194 editum
747 3145 827 3194 esset.
862 3139 953 3205 ltaque
963 3139 1152 3205 Georgicorum
1169 3150 1229 3211 post
1272 3147 1278 3153 “

62 3218 88 3257 4.
109 3205 167 3259 724.
186 3208 236 3257 scri
257 3211 340 3259 torum
358 3208 400 3261 vel
420 3208 615 3261 emendatorum
635 3213 705 3260 certa
722 3208 836 3271 vestigia
854 3219 904 3257 non
915 3207 1099 3266 inveniuntur(
1104 3207 1136 3261 oi.
1148 3214 1227 3264 etiarn

61 3271 154 3324 Marso
173 3270 207 3324 ad
251 3287 293 3326 eo.
308 3273 327 3339 l.
348 3288 372 3341 p.
384 3275 472 3342 227.);
492 3276 527 3326 ita
546 3280 573 3326 ut
589 3274 697 3326 Vossius
718 3272 757 3339 [p.
770 3274 828 3328 528.
846 3273 906 3327 838.
926 3279 952 3327 44
970 3275 1043 3340 922.)
1061 3274 1129 3328 baud
1147 3277 1227 3331 dubie

61 3341 91 3392 in
110 3351 226 3392 errorem
245 3340 376 3405 inciderit,
395 3355 473 3408 qurum
494 3355 582 3394 eorum
601 3340 694 3393 librum
711 3343 822 3407 primum
840 3353 863 3391 a.
885 3340 952 3408 710,
970 3341 1113 3395 secundum
1131 3357 1154 3396 4.
1166 3345 1225 3400 723.

63 3403 227 3473 absolutum,
246 3405 300 3471 sed¹
313 3406 379 3459 libro
400 3409 475 3461 tertio
495 3413 522 3460 el
539 3414 630 3473 quarto
650 3421 702 3458 non
720 3413 779 3460 ante
799 3421 820 3459 4.
839 3407 899 3462 734.
920 3408 1034 3460 nltimam
1052 3425 1155 3463 manum
1173 3414 1227 3463 im-

62 3472 176 3536 positam
195 3485 258 3525 esse
276 3476 420 3542 putaverit3
441 3475 552 3541 quodsi
572 3489 658 3528 aarum
675 3480 754 3542 esset,
772 3475 861 3526 mirum
881 3473 999 3539 prolecto
1018 3481 1120 3530 censeri
1139 3477 1227 3532 debe·
1279 3532 1281 3536 .

61 3543 119 3604 ret,
138 3537 276 3604 Virgilium
301 3553 334 3594 ne
352 3541 463 3605 Augusti
489 3540 594 3608 quidem
612 3555 706 3594 nornen
725 3539 866 3593 Octaviano
891 3554 914 3593 a.
938 3541 961 3595 4.
982 3540 1046 3594 ΧΙἸ.
1074 3543 1130 3597 llal.
1150 3544 1225 3598 Febr.

62 3618 87 3656 a.
107 3604 166 3658 727.
193 3604 281 3657 datum
306 3620 532 3661 commemorasse.
568 3608 674 3660 Poe'tam
702 3621 764 3660 vero
785 3606 926 3660 Octaviano
952 3607 983 3660 ab
1004 3609 1112 3662 Actiaca
1139 3626 1227 3678 pugna

61 3683 171 3724 reverso
190 3671 294 3726 Atellae
313 3671 443 3739 Georgica
461 3675 634 3741 praelegisse,
654 3674 722 3741 quod
741 3674 833 3726 Donat.
852 3675 876 3735 §.
892 3675 933 3729 42.
953 3682 1045 3743 444444,
1063 3678 1131 3731 inter
1147 3677 1227 3731 4404-
1317 3712 1319 3723 ι

62 3737 103 3789 las
121 3742 163 3791 est
181 3736 356 3806 relerendum,
377 3742 468 3806 quales
486 3741 529 3793 hio
547 3743 658 3808 scriptor
673 3741 762 3808 plures
784 3741 860 3793 nobis
874 3742 1025 3795 venditavit.

129 3819 178 3886 47)
206 3817 256 3873 dt.
278 3819 561 3942 4441456344,
591 3824 650 3879 coll.
670 3838 728 3876 cum
746 3822 830 3877 eiusd.
852 3823 910 3876 libri
931 3838 954 3876 v.
978 3825 1025 3902 l25¹
1044 3840 1102 3894 sqq.
1133 3828 1224 3905 Donat.
1262 3792 1265 3798 <

62 3886 88 3947 ³·
106 3885 149 3940 ⁴⁰·
169 3890 197 3940 ⁰‘
216 3886 502 4018 P‘lll'lllalnll
549 3891 839 4010 timiditati
855 3889 1226 4020 ttiltiitititti‘li

61 3957 129 4083 gat,
147 3966 253 4096 gppglrlea
262 3969 392 4139 174ξέ1411444
412 3972 547 4100 44444484ΐ
561 4026 613 4102 iam
634 4039 656 4078 a.
676 3998 734 4079 746.
752 3971 922 4076 incingerent.
941 3973 1030 4076 pNam
1051 4041 1074 4079 4.
1094 3977 1154 4083 716ῗ
1172 3978 1227 4082 4344

61 4085 139 4162 ltalia
155 4084 273 4140 antenor
286 4087 318 4140 ad
338 4102 372 4141 uc
388 4091 583 4168 maximolbelir
603 4092 712 4143 tumnultu
730 4089 888 4165 turbabatur,
907 4104 958 4166 quio
977 4106 1028 4168 non
1049 4099 1107 4147 ante
1126 4109 1148 4172 a.
1167 4097 1226 4151 740.

61 4152 250 4288 illitati
268 4157 767 4278 ,tibitibi“tlttttttitill’
791 4161 894 4223 Vll
912 4171 983 4223 Vll
1003 4160 1073 4214 ¹¹¹³²¹¹
1092 4175 1226 4227 ¹⁰l¹⁰¹¹⁰¹¹¹

129 4285 177 4350 48)
214 4282 254 4337 ct.
275 4282 343 4340 Geo.
364 4286 409 4355 lll,
427 4290 469 4343 46.

131 4351 177 4418 ta)
215 4351 255 4404 Gl.
277 4351 367 4407 Donat.
387 4355 411 4416 §.
432 4357 474 4412 40.
