<?xml version="1.0" encoding="UTF-8"?>
<!DOCTYPE html PUBLIC "-//W3C//DTD XHTML 1.0 Transitional//EN"
    "http://www.w3.org/TR/xhtml1/DTD/xhtml1-transitional.dtd">
<html xmlns="http://www.w3.org/1999/xhtml" xml:lang="en" lang="en">
 <head>
  <title>
</title>
<meta http-equiv="Content-Type" content="text/html;charset=utf-8" />
  <meta name='ocr-system' content='tesseract 3.04.00' />
  <meta name='ocr-capabilities' content='ocr_page ocr_carea ocr_par ocr_line ocrx_word'/>
</head>
<body>
  <div class='ocr_page' id='page_1' title='image "./pvergiliimaroni01forbgoog_0099.png"; bbox 0 0 2676 4950; ppageno 0'>
   <div class='ocr_carea' id='block_1_1' title="bbox 153 300 918 380">
    <p class='ocr_par' dir='ltr' id='par_1_1' title="bbox 153 300 918 380">
     <span class='ocr_line' id='line_1_1' title="bbox 153 300 918 380; baseline 0.02 -15"><span class='ocrx_word' id='word_1_1' title='bbox 153 300 200 366; x_wconf 74' lang='grc'><strong>62</strong></span> <span class='ocrx_word' id='word_1_2' title='bbox 542 308 573 373; x_wconf 83' lang='lat' dir='ltr'><strong>l’.</strong></span> <span class='ocrx_word' id='word_1_3' title='bbox 595 308 737 377; x_wconf 76' lang='lat' dir='ltr'><strong>vitaturi</strong></span> <span class='ocrx_word' id='word_1_4' title='bbox 756 312 918 380; x_wconf 71' lang='lat' dir='ltr'><strong>maenis</strong></span> 
     </span>
    </p>
   </div>
   <div class='ocr_carea' id='block_1_2' title="bbox 152 468 919 641">
    <p class='ocr_par' dir='ltr' id='par_1_2' title="bbox 152 468 919 641">
     <span class='ocr_line' id='line_1_2' title="bbox 153 468 902 558; baseline 0.011 -22"><span class='ocrx_word' id='word_1_5' title='bbox 153 468 229 536; x_wconf 76' lang='lat' dir='ltr'><strong>&#39;Aut</strong></span> <span class='ocrx_word' id='word_1_6' title='bbox 250 479 356 536; x_wconf 88' lang='lat' dir='ltr'><strong>metuet</strong></span> <span class='ocrx_word' id='word_1_7' title='bbox 378 477 478 554; x_wconf 88' lang='lat' dir='ltr'><strong>dulcis,</strong></span> <span class='ocrx_word' id='word_1_8' title='bbox 501 484 549 538; x_wconf 92' lang='lat' dir='ltr'><strong>aut</strong></span> <span class='ocrx_word' id='word_1_9' title='bbox 572 484 739 558; x_wconf 85' lang='lat' dir='ltr'><strong>expertetur</strong></span> <span class='ocrx_word' id='word_1_10' title='bbox 758 476 902 543; x_wconf 67' lang='lat' dir='ltr'><strong>aaaron*</strong></span> 
     </span>
     <span class='ocr_line' id='line_1_3' title="bbox 152 557 919 641; baseline 0.009 -23"><span class='ocrx_word' id='word_1_11' title='bbox 152 557 281 619; x_wconf 77' lang='lat' dir='ltr'><strong>Claudite</strong></span> <span class='ocrx_word' id='word_1_12' title='bbox 303 562 359 619; x_wconf 89' lang='lat' dir='ltr'><strong>iam</strong></span> <span class='ocrx_word' id='word_1_13' title='bbox 380 567 466 636; x_wconf 87' lang='lat' dir='ltr'><strong>rivos,</strong></span> <span class='ocrx_word' id='word_1_14' title='bbox 489 567 587 638; x_wconf 90' lang='lat' dir='ltr'><strong>puerl;</strong></span> <span class='ocrx_word' id='word_1_15' title='bbox 610 569 654 625; x_wconf 87' lang='lat' dir='ltr'><strong>sat</strong></span> <span class='ocrx_word' id='word_1_16' title='bbox 675 570 756 641; x_wconf 87' lang='lat' dir='ltr'><strong>prata</strong></span> <span class='ocrx_word' id='word_1_17' title='bbox 777 566 919 627; x_wconf 82' lang='lat' dir='ltr'><strong>biberunt.</strong></span> 
     </span>
    </p>
   </div>
   <div class='ocr_carea' id='block_1_3' title="bbox 37 784 1331 4514">
    <p class='ocr_par' dir='ltr' id='par_1_3' title="bbox 37 784 1331 4514">
     <span class='ocr_line' id='line_1_4' title="bbox 151 784 1290 858; baseline 0.012 -19"><span class='ocrx_word' id='word_1_18' title='bbox 151 784 263 852; x_wconf 87' lang='lat' dir='ltr'><strong>lehrare,</strong></span> <span class='ocrx_word' id='word_1_19' title='bbox 281 792 325 839; x_wconf 90' lang='lat' dir='ltr'><strong>ant</strong></span> <span class='ocrx_word' id='word_1_20' title='bbox 343 786 377 842; x_wconf 92' lang='lat' dir='ltr'><strong>de</strong></span> <span class='ocrx_word' id='word_1_21' title='bbox 395 800 483 841; x_wconf 88' lang='lat' dir='ltr'><strong>amaro</strong></span> <span class='ocrx_word' id='word_1_22' title='bbox 501 791 644 858; x_wconf 66' lang='lat' dir='ltr'><strong>cononem</strong></span> <span class='ocrx_word' id='word_1_23' title='bbox 661 804 800 858; x_wconf 83' lang='lat' dir='ltr'><strong>numquam</strong></span> <span class='ocrx_word' id='word_1_24' title='bbox 820 793 889 847; x_wconf 90' lang='lat' dir='ltr'><strong>enim</strong></span> <span class='ocrx_word' id='word_1_25' title='bbox 910 793 1036 847; x_wconf 82' lang='lat' dir='ltr'><strong>constitui</strong></span> <span class='ocrx_word' id='word_1_26' title='bbox 1055 794 1092 851; x_wconf 85' lang='lat' dir='ltr'><strong>de</strong></span> <span class='ocrx_word' id='word_1_27' title='bbox 1111 796 1159 853; x_wconf 79' lang='lat' dir='ltr'><strong>tite</strong></span> <span class='ocrx_word' id='word_1_28' title='bbox 1178 798 1242 855; x_wconf 85' lang='lat' dir='ltr'><strong>luten</strong></span> <span class='ocrx_word' id='word_1_29' title='bbox 1253 806 1290 853; x_wconf 80' lang='lat' dir='ltr'><strong>its</strong></span> 
     </span>
     <span class='ocr_line' id='line_1_5' title="bbox 150 853 1289 931; baseline 0.015 -27"><span class='ocrx_word' id='word_1_30' title='bbox 150 855 274 920; x_wconf 82' lang='lat' dir='ltr'><strong>poterit.“</strong></span> <span class='ocrx_word' id='word_1_31' title='bbox 290 853 344 908; x_wconf 90' lang='lat' dir='ltr'><strong>Sed</strong></span> <span class='ocrx_word' id='word_1_32' title='bbox 361 868 414 922; x_wconf 80' lang='lat' dir='ltr'><strong>quo</strong></span> <span class='ocrx_word' id='word_1_33' title='bbox 432 856 537 911; x_wconf 87' lang='lat' dir='ltr'><strong>tandem</strong></span> <span class='ocrx_word' id='word_1_34' title='bbox 554 860 611 911; x_wconf 90' lang='lat' dir='ltr'><strong>iure</strong></span> <span class='ocrx_word' id='word_1_35' title='bbox 629 858 745 927; x_wconf 80' lang='lat' dir='ltr'><strong>quisquis</strong></span> <span class='ocrx_word' id='word_1_36' title='bbox 763 872 811 927; x_wconf 90' lang='lat' dir='ltr'><strong>per</strong></span> <span class='ocrx_word' id='word_1_37' title='bbox 826 862 936 929; x_wconf 80' lang='lat' dir='ltr'><strong>uterque</strong></span> <span class='ocrx_word' id='word_1_38' title='bbox 951 862 1120 931; x_wconf 85' lang='lat' dir='ltr'><strong>interpretari</strong></span> <span class='ocrx_word' id='word_1_39' title='bbox 1139 864 1213 919; x_wconf 86' lang='lat' dir='ltr'><strong>licuit</strong></span> <span class='ocrx_word' id='word_1_40' title='bbox 1224 864 1289 920; x_wconf 82' lang='lat' dir='ltr'><strong>Schi-</strong></span> 
     </span>
     <span class='ocr_line' id='line_1_6' title="bbox 150 919 1291 1001; baseline 0.013 -28"><span class='ocrx_word' id='word_1_41' title='bbox 150 919 259 973; x_wconf 80' lang='lat' dir='ltr'><strong>rachio?</strong></span> <span class='ocrx_word' id='word_1_42' title='bbox 293 920 369 975; x_wconf 86' lang='lat' dir='ltr'><strong>Voss.</strong></span> <span class='ocrx_word' id='word_1_43' title='bbox 389 920 435 987; x_wconf 81' lang='lat' dir='ltr'><strong>(el.</strong></span> <span class='ocrx_word' id='word_1_44' title='bbox 456 922 576 977; x_wconf 83' lang='lat' dir='ltr'><strong>Deutaclr.</strong></span> <span class='ocrx_word' id='word_1_45' title='bbox 594 924 660 977; x_wconf 77' lang='lat' dir='ltr'><strong>llus</strong></span> <span class='ocrx_word' id='word_1_46' title='bbox 681 927 698 979; x_wconf 92' lang='lat' dir='ltr'><strong>l.</strong></span> <span class='ocrx_word' id='word_1_47' title='bbox 716 926 733 980; x_wconf 93' lang='lat' dir='ltr'><strong>i.</strong></span> <span class='ocrx_word' id='word_1_48' title='bbox 752 940 778 994; x_wconf 92' lang='lat' dir='ltr'><strong>p.</strong></span> <span class='ocrx_word' id='word_1_49' title='bbox 800 927 854 991; x_wconf 62' lang='lat' dir='ltr'><strong>ld)</strong></span> <span class='ocrx_word' id='word_1_50' title='bbox 871 930 908 981; x_wconf 87' lang='lat' dir='ltr'><strong>ita</strong></span> <span class='ocrx_word' id='word_1_51' title='bbox 926 927 1034 983; x_wconf 79' lang='lat' dir='ltr'><strong>exhibet</strong></span> <span class='ocrx_word' id='word_1_52' title='bbox 1053 928 1103 984; x_wconf 87' lang='lat' dir='ltr'><strong>hoe</strong></span> <span class='ocrx_word' id='word_1_53' title='bbox 1118 944 1223 987; x_wconf 82' lang='lat' dir='ltr'><strong>versus:</strong></span> <span class='ocrx_word' id='word_1_54' title='bbox 1242 932 1291 1001; x_wconf 75' lang='lat' dir='ltr'><strong>„dt</strong></span> 
     </span>
     <span class='ocr_line' id='line_1_7' title="bbox 148 988 1289 1107; baseline 0.014 -70"><span class='ocrx_word' id='word_1_55' title='bbox 148 988 266 1107; x_wconf 55' lang='lat' dir='ltr'><strong>crispata</strong></span> <span class='ocrx_word' id='word_1_56' title='bbox 284 1002 391 1043; x_wconf 77' lang='lat' dir='ltr'><strong>amores</strong></span> <span class='ocrx_word' id='word_1_57' title='bbox 408 988 459 1043; x_wconf 77' lang='lat' dir='ltr'><strong>dat</strong></span> <span class='ocrx_word' id='word_1_58' title='bbox 474 994 606 1045; x_wconf 76' lang='lat' dir='ltr'><strong>enatant</strong></span> <span class='ocrx_word' id='word_1_59' title='bbox 629 993 733 1060; x_wconf 68' lang='lat' dir='ltr'><strong>damea,</strong></span> <span class='ocrx_word' id='word_1_60' title='bbox 752 995 800 1046; x_wconf 82' lang='lat' dir='ltr'><strong>out</strong></span> <span class='ocrx_word' id='word_1_61' title='bbox 814 996 968 1061; x_wconf 68' lang='lat' dir='ltr'><strong>experietur</strong></span> <span class='ocrx_word' id='word_1_62' title='bbox 985 1000 1124 1051; x_wconf 77' lang='lat' dir='ltr'><strong>macron‘·</strong></span> <span class='ocrx_word' id='word_1_63' title='bbox 1152 997 1289 1067; x_wconf 79' lang='lat' dir='ltr'><strong>Bothtuslr</strong></span> 
     </span>
     <span class='ocr_line' id='line_1_8' title="bbox 163 1052 1288 1131; baseline 0.014 -24"><span class='ocrx_word' id='word_1_64' title='bbox 163 1054 257 1121; x_wconf 81' lang='lat' dir='ltr'><strong>&#39;ingilio</strong></span> <span class='ocrx_word' id='word_1_65' title='bbox 274 1052 417 1122; x_wconf 72' lang='lat' dir='ltr'><strong>virgiliano</strong></span> <span class='ocrx_word' id='word_1_66' title='bbox 436 1074 461 1126; x_wconf 93' lang='lat' dir='ltr'><strong>p.</strong></span> <span class='ocrx_word' id='word_1_67' title='bbox 479 1062 504 1115; x_wconf 84' lang='lat' dir='ltr'><strong>&#39;t.</strong></span> <span class='ocrx_word' id='word_1_68' title='bbox 526 1059 593 1115; x_wconf 89' lang='lat' dir='ltr'><strong>haec</strong></span> <span class='ocrx_word' id='word_1_69' title='bbox 611 1062 734 1130; x_wconf 74' lang='lat' dir='ltr'><strong>scripsit:</strong></span> <span class='ocrx_word' id='word_1_70' title='bbox 759 1060 917 1127; x_wconf 88' lang='lat' dir='ltr'><strong>‚,Pnlaemon</strong></span> <span class='ocrx_word' id='word_1_71' title='bbox 936 1066 1076 1131; x_wconf 85' lang='lat' dir='ltr'><strong>postquem</strong></span> <span class='ocrx_word' id='word_1_72' title='bbox 1095 1064 1210 1121; x_wconf 79' lang='lat' dir='ltr'><strong>laudarit</strong></span> <span class='ocrx_word' id='word_1_73' title='bbox 1224 1068 1288 1123; x_wconf 63' lang='lat' dir='ltr'><strong>lure</strong></span> 
     </span>
     <span class='ocr_line' id='line_1_9' title="bbox 148 1124 1287 1215; baseline 0.013 -40"><span class='ocrx_word' id='word_1_74' title='bbox 148 1135 205 1188; x_wconf 89' lang='lat' dir='ltr'><strong>nes,</strong></span> <span class='ocrx_word' id='word_1_75' title='bbox 224 1126 269 1191; x_wconf 89' lang='lat' dir='ltr'><strong>qui</strong></span> <span class='ocrx_word' id='word_1_76' title='bbox 286 1124 321 1179; x_wconf 90' lang='lat' dir='ltr'><strong>de</strong></span> <span class='ocrx_word' id='word_1_77' title='bbox 338 1124 417 1178; x_wconf 86' lang='lat' dir='ltr'><strong>rebus</strong></span> <span class='ocrx_word' id='word_1_78' title='bbox 435 1129 568 1181; x_wconf 90' lang='lat' dir='ltr'><strong>amatoriis</strong></span> <span class='ocrx_word' id='word_1_79' title='bbox 587 1134 768 1195; x_wconf 73' lang='lat' dir='ltr'><strong>cantaverant,</strong></span> <span class='ocrx_word' id='word_1_80' title='bbox 792 1130 872 1183; x_wconf 91' lang='lat' dir='ltr'><strong>etiam</strong></span> <span class='ocrx_word' id='word_1_81' title='bbox 894 1132 903 1182; x_wconf 90' lang='lat' dir='ltr'><strong>i</strong></span> <span class='ocrx_word' id='word_1_82' title='bbox 922 1144 953 1185; x_wconf 91' lang='lat' dir='ltr'><strong>se</strong></span> <span class='ocrx_word' id='word_1_83' title='bbox 977 1132 1138 1185; x_wconf 77' lang='lat' dir='ltr'><strong>sententiam</strong></span> <span class='ocrx_word' id='word_1_84' title='bbox 1155 1132 1205 1215; x_wconf 59' lang='lat'><strong>¹¹5⁰</strong></span> <span class='ocrx_word' id='word_1_85' title='bbox 1220 1133 1250 1189; x_wconf 91' lang='lat' dir='ltr'><strong>de</strong></span> <span class='ocrx_word' id='word_1_86' title='bbox 1265 1144 1287 1189; x_wconf 86' lang='lat' dir='ltr'><strong>tt</strong></span> 
     </span>
     <span class='ocr_line' id='line_1_10' title="bbox 148 1146 1287 1277; baseline 0.011 -33"><span class='ocrx_word' id='word_1_87' title='bbox 148 1189 221 1244; x_wconf 83' lang='lat' dir='ltr'><strong>addit</strong></span> <span class='ocrx_word' id='word_1_88' title='bbox 238 1205 321 1269; x_wconf 81' lang='lat' dir='ltr'><strong>suam,</strong></span> <span class='ocrx_word' id='word_1_89' title='bbox 334 1191 440 1269; x_wconf 86' lang='lat' dir='ltr'><strong>dicens,</strong></span> <span class='ocrx_word' id='word_1_90' title='bbox 459 1209 524 1277; x_wconf 84' lang='lat' dir='ltr'><strong>opus</strong></span> <span class='ocrx_word' id='word_1_91' title='bbox 542 1209 612 1262; x_wconf 88' lang='lat' dir='ltr'><strong>esse,</strong></span> <span class='ocrx_word' id='word_1_92' title='bbox 632 1200 659 1247; x_wconf 90' lang='lat' dir='ltr'><strong>ut</strong></span> <span class='ocrx_word' id='word_1_93' title='bbox 677 1196 790 1263; x_wconf 82' lang='lat' dir='ltr'><strong>quisque</strong></span> <span class='ocrx_word' id='word_1_94' title='bbox 805 1198 886 1250; x_wconf 91' lang='lat' dir='ltr'><strong>amori</strong></span> <span class='ocrx_word' id='word_1_95' title='bbox 904 1146 975 1251; x_wconf 67' lang='lat' dir='ltr'><strong>dulci</strong></span> <span class='ocrx_word' id='word_1_96' title='bbox 992 1196 1104 1267; x_wconf 82' lang='lat' dir='ltr'><strong>diffidat,</strong></span> <span class='ocrx_word' id='word_1_97' title='bbox 1121 1200 1174 1255; x_wconf 88' lang='lat' dir='ltr'><strong>nisi</strong></span> <span class='ocrx_word' id='word_1_98' title='bbox 1191 1214 1287 1255; x_wconf 74' lang='lat' dir='ltr'><strong>amm</strong></span> 
     </span>
     <span class='ocr_line' id='line_1_11' title="bbox 149 1261 1287 1337; baseline 0.008 -25"><span class='ocrx_word' id='word_1_99' title='bbox 149 1271 209 1312; x_wconf 91' lang='lat' dir='ltr'><strong>eum</strong></span> <span class='ocrx_word' id='word_1_100' title='bbox 227 1272 341 1326; x_wconf 83' lang='lat' dir='ltr'><strong>experiri</strong></span> <span class='ocrx_word' id='word_1_101' title='bbox 359 1261 431 1314; x_wconf 84' lang='lat' dir='ltr'><strong>uelit.</strong></span> <span class='ocrx_word' id='word_1_102' title='bbox 467 1262 584 1330; x_wconf 77' lang='lat' dir='ltr'><strong>himplen</strong></span> <span class='ocrx_word' id='word_1_103' title='bbox 602 1265 702 1329; x_wconf 89' lang='lat' dir='ltr'><strong>oratio,</strong></span> <span class='ocrx_word' id='word_1_104' title='bbox 721 1264 833 1331; x_wconf 81' lang='lat' dir='ltr'><strong>simplex</strong></span> <span class='ocrx_word' id='word_1_105' title='bbox 853 1262 946 1318; x_wconf 90' lang='lat' dir='ltr'><strong>homo·</strong></span> <span class='ocrx_word' id='word_1_106' title='bbox 972 1262 1058 1319; x_wconf 84' lang='lat' dir='ltr'><strong>lutura</strong></span> <span class='ocrx_word' id='word_1_107' title='bbox 1101 1268 1287 1337; x_wconf 75' lang='lat' dir='ltr'><strong>ositaprotn-</strong></span> 
     </span>
     <span class='ocr_line' id='line_1_12' title="bbox 146 1303 1286 1445; baseline 0.008 -65"><span class='ocrx_word' id='word_1_108' title='bbox 146 1324 302 1445; x_wconf 50' lang='lat' dir='ltr'><strong>peratirisf‘</strong></span> <span class='ocrx_word' id='word_1_109' title='bbox 321 1326 374 1392; x_wconf 77' lang='lat' dir='ltr'><strong>(ot.</strong></span> <span class='ocrx_word' id='word_1_110' title='bbox 387 1331 465 1382; x_wconf 89' lang='lat' dir='ltr'><strong>etiam</strong></span> <span class='ocrx_word' id='word_1_111' title='bbox 484 1330 586 1383; x_wconf 80' lang='lat' dir='ltr'><strong>Annali.</strong></span> <span class='ocrx_word' id='word_1_112' title='bbox 609 1328 731 1385; x_wconf 79' lang='lat' dir='ltr'><strong>heidelb.</strong></span> <span class='ocrx_word' id='word_1_113' title='bbox 753 1332 824 1387; x_wconf 67' lang='grc'><strong>1824.</strong></span> <span class='ocrx_word' id='word_1_114' title='bbox 844 1329 906 1385; x_wconf 91' lang='lat' dir='ltr'><strong>lasc.</strong></span> <span class='ocrx_word' id='word_1_115' title='bbox 925 1303 971 1386; x_wconf 86' lang='lat' dir='ltr'><strong>tlt.</strong></span> <span class='ocrx_word' id='word_1_116' title='bbox 991 1346 1018 1401; x_wconf 71' lang='lat' dir='ltr'><strong>p,</strong></span> <span class='ocrx_word' id='word_1_117' title='bbox 1036 1333 1070 1389; x_wconf 87' lang='grc'><strong>29</strong></span> <span class='ocrx_word' id='word_1_118' title='bbox 1090 1333 1112 1401; x_wconf 88' lang='grc'><strong>.)</strong></span> <span class='ocrx_word' id='word_1_119' title='bbox 1133 1332 1286 1405; x_wconf 67' lang='lat' dir='ltr'><strong>lloerim</strong></span> 
     </span>
     <span class='ocr_line' id='line_1_13' title="bbox 167 1394 1286 1471; baseline 0.012 -28"><span class='ocrx_word' id='word_1_120' title='bbox 167 1405 302 1458; x_wconf 84' lang='lat' dir='ltr'><strong>rogramm.</strong></span> <span class='ocrx_word' id='word_1_121' title='bbox 322 1395 354 1447; x_wconf 91' lang='lat' dir='ltr'><strong>ad</strong></span> <span class='ocrx_word' id='word_1_122' title='bbox 373 1394 429 1447; x_wconf 69' lang='lat' dir='ltr'><strong>izin.</strong></span> <span class='ocrx_word' id='word_1_123' title='bbox 450 1399 471 1461; x_wconf 88' lang='lat' dir='ltr'><strong>l,</strong></span> <span class='ocrx_word' id='word_1_124' title='bbox 493 1397 532 1451; x_wconf 81' lang='lat' dir='ltr'><strong>ia.</strong></span> <span class='ocrx_word' id='word_1_125' title='bbox 555 1396 625 1450; x_wconf 91' lang='lat' dir='ltr'><strong>land.</strong></span> <span class='ocrx_word' id='word_1_126' title='bbox 638 1399 677 1450; x_wconf 89' lang='lat' dir='ltr'><strong>sie</strong></span> <span class='ocrx_word' id='word_1_127' title='bbox 696 1398 862 1452; x_wconf 88' lang='lat' dir='ltr'><strong>scribendum</strong></span> <span class='ocrx_word' id='word_1_128' title='bbox 877 1405 982 1454; x_wconf 85' lang='lat' dir='ltr'><strong>censet:</strong></span> <span class='ocrx_word' id='word_1_129' title='bbox 1011 1400 1076 1467; x_wconf 82' lang='lat' dir='ltr'><strong>,ito</strong></span> <span class='ocrx_word' id='word_1_130' title='bbox 1093 1402 1212 1471; x_wconf 58' lang='lat' dir='ltr'><strong>mapalia</strong></span> <span class='ocrx_word' id='word_1_131' title='bbox 1224 1414 1286 1455; x_wconf 70' lang='lat' dir='ltr'><strong>aare</strong></span> 
     </span>
     <span class='ocr_line' id='line_1_14' title="bbox 146 1439 1286 1538; baseline 0.013 -27"><span class='ocrx_word' id='word_1_132' title='bbox 146 1460 409 1538; x_wconf 28' lang='lat' dir='ltr'><strong>resldatmeluat</strong></span> <span class='ocrx_word' id='word_1_133' title='bbox 427 1464 522 1527; x_wconf 77' lang='lat' dir='ltr'><strong>datter,</strong></span> <span class='ocrx_word' id='word_1_134' title='bbox 551 1467 598 1517; x_wconf 84' lang='lat' dir='ltr'><strong>nal</strong></span> <span class='ocrx_word' id='word_1_135' title='bbox 614 1466 828 1532; x_wconf 72' lang='lat' dir='ltr'><strong>experietur</strong></span> <span class='ocrx_word' id='word_1_136' title='bbox 846 1481 972 1530; x_wconf 82' lang='lat' dir='ltr'><strong>omaros;</strong></span> <span class='ocrx_word' id='word_1_137' title='bbox 1000 1439 1051 1521; x_wconf 75' lang='lat' dir='ltr'><strong>hac</strong></span> <span class='ocrx_word' id='word_1_138' title='bbox 1074 1468 1198 1525; x_wconf 84' lang='lat' dir='ltr'><strong>snhiecta</strong></span> <span class='ocrx_word' id='word_1_139' title='bbox 1214 1468 1286 1537; x_wconf 77' lang='lat' dir='ltr'><strong>expll-</strong></span> 
     </span>
     <span class='ocr_line' id='line_1_15' title="bbox 147 1529 1286 1600; baseline 0.008 -20"><span class='ocrx_word' id='word_1_140' title='bbox 147 1533 265 1583; x_wconf 89' lang='lat' dir='ltr'><strong>catrone:</strong></span> <span class='ocrx_word' id='word_1_141' title='bbox 293 1529 363 1596; x_wconf 88' lang='lat' dir='ltr'><strong>„l&#39;os</strong></span> <span class='ocrx_word' id='word_1_142' title='bbox 382 1531 457 1583; x_wconf 89' lang='lat' dir='ltr'><strong>amho</strong></span> <span class='ocrx_word' id='word_1_143' title='bbox 477 1531 548 1595; x_wconf 81' lang='lat' dir='ltr'><strong>digni</strong></span> <span class='ocrx_word' id='word_1_144' title='bbox 569 1534 635 1585; x_wconf 89' lang='lat' dir='ltr'><strong>estis</strong></span> <span class='ocrx_word' id='word_1_145' title='bbox 653 1534 741 1600; x_wconf 91' lang='lat' dir='ltr'><strong>posito</strong></span> <span class='ocrx_word' id='word_1_146' title='bbox 759 1534 883 1600; x_wconf 78' lang='lat' dir='ltr'><strong>pignore;</strong></span> <span class='ocrx_word' id='word_1_147' title='bbox 908 1536 1007 1587; x_wconf 91' lang='lat' dir='ltr'><strong>utinam</strong></span> <span class='ocrx_word' id='word_1_148' title='bbox 1024 1534 1062 1587; x_wconf 85' lang='lat' dir='ltr'><strong>tle</strong></span> <span class='ocrx_word' id='word_1_149' title='bbox 1101 1534 1198 1593; x_wconf 86' lang='lat' dir='ltr'><strong>eadem</strong></span> <span class='ocrx_word' id='word_1_150' title='bbox 1212 1536 1286 1591; x_wconf 83' lang='lat' dir='ltr'><strong>snarl-</strong></span> 
     </span>
     <span class='ocr_line' id='line_1_16' title="bbox 145 1573 1285 1671; baseline 0.007 -23"><span class='ocrx_word' id='word_1_151' title='bbox 145 1600 208 1662; x_wconf 92' lang='lat' dir='ltr'><strong>tate,</strong></span> <span class='ocrx_word' id='word_1_152' title='bbox 227 1599 312 1663; x_wconf 87' lang='lat' dir='ltr'><strong>quiuis</strong></span> <span class='ocrx_word' id='word_1_153' title='bbox 331 1599 397 1650; x_wconf 90' lang='lat' dir='ltr'><strong>alius</strong></span> <span class='ocrx_word' id='word_1_154' title='bbox 417 1604 461 1652; x_wconf 92' lang='lat' dir='ltr'><strong>aut</strong></span> <span class='ocrx_word' id='word_1_155' title='bbox 480 1604 576 1653; x_wconf 89' lang='lat' dir='ltr'><strong>metum</strong></span> <span class='ocrx_word' id='word_1_156' title='bbox 601 1605 628 1653; x_wconf 89' lang='lat' dir='ltr'><strong>et</strong></span> <span class='ocrx_word' id='word_1_157' title='bbox 652 1599 854 1655; x_wconf 92' lang='lat' dir='ltr'><strong>sollicitudinem</strong></span> <span class='ocrx_word' id='word_1_158' title='bbox 880 1602 906 1653; x_wconf 91' lang='lat' dir='ltr'><strong>in</strong></span> <span class='ocrx_word' id='word_1_159' title='bbox 931 1614 1020 1657; x_wconf 90' lang='lat' dir='ltr'><strong>amore</strong></span> <span class='ocrx_word' id='word_1_160' title='bbox 1041 1573 1120 1659; x_wconf 73' lang='lat' dir='ltr'><strong>telino</strong></span> <span class='ocrx_word' id='word_1_161' title='bbox 1139 1608 1192 1659; x_wconf 90' lang='lat' dir='ltr'><strong>etc.</strong></span> <span class='ocrx_word' id='word_1_162' title='bbox 1210 1602 1252 1671; x_wconf 82' lang='lat' dir='ltr'><strong>(cl.</strong></span> <span class='ocrx_word' id='word_1_163' title='bbox 1265 1608 1285 1657; x_wconf 85' lang='lat' dir='ltr'><strong>i.</strong></span> 
     </span>
     <span class='ocr_line' id='line_1_17' title="bbox 144 1663 1311 1739; baseline 0.007 -22"><span class='ocrx_word' id='word_1_164' title='bbox 144 1663 211 1729; x_wconf 77' lang='lat' dir='ltr'><strong>th),</strong></span> <span class='ocrx_word' id='word_1_165' title='bbox 230 1670 273 1717; x_wconf 90' lang='lat' dir='ltr'><strong>ant</strong></span> <span class='ocrx_word' id='word_1_166' title='bbox 293 1667 436 1719; x_wconf 89' lang='lat' dir='ltr'><strong>arnaritiem</strong></span> <span class='ocrx_word' id='word_1_167' title='bbox 455 1672 481 1720; x_wconf 93' lang='lat' dir='ltr'><strong>et</strong></span> <span class='ocrx_word' id='word_1_168' title='bbox 501 1680 576 1718; x_wconf 90' lang='lat' dir='ltr'><strong>curas</strong></span> <span class='ocrx_word' id='word_1_169' title='bbox 601 1669 626 1718; x_wconf 94' lang='lat' dir='ltr'><strong>in</strong></span> <span class='ocrx_word' id='word_1_170' title='bbox 646 1676 734 1722; x_wconf 87' lang='lat' dir='ltr'><strong>amore</strong></span> <span class='ocrx_word' id='word_1_171' title='bbox 754 1666 860 1721; x_wconf 78' lang='lat' dir='ltr'><strong>infelice</strong></span> <span class='ocrx_word' id='word_1_172' title='bbox 884 1667 932 1734; x_wconf 86' lang='lat' dir='ltr'><strong>(cl.</strong></span> <span class='ocrx_word' id='word_1_173' title='bbox 950 1682 975 1723; x_wconf 87' lang='lat' dir='ltr'><strong>v.</strong></span> <span class='ocrx_word' id='word_1_174' title='bbox 994 1668 1053 1736; x_wconf 88' lang='grc'><strong>80.)</strong></span> <span class='ocrx_word' id='word_1_175' title='bbox 1072 1670 1194 1727; x_wconf 82' lang='lat' dir='ltr'><strong>canendo</strong></span> <span class='ocrx_word' id='word_1_176' title='bbox 1211 1670 1285 1739; x_wconf 84' lang='lat' dir='ltr'><strong>expri-</strong></span> <span class='ocrx_word' id='word_1_177' title='bbox 1308 1720 1311 1725; x_wconf 92' lang='lat'>.</span> 
     </span>
     <span class='ocr_line' id='line_1_18' title="bbox 144 1730 1284 1805; baseline 0.008 -23"><span class='ocrx_word' id='word_1_178' title='bbox 144 1730 225 1783; x_wconf 87' lang='lat' dir='ltr'><strong>urat.“</strong></span> <span class='ocrx_word' id='word_1_179' title='bbox 261 1730 300 1785; x_wconf 79' lang='lat' dir='ltr'><strong>dt.</strong></span> <span class='ocrx_word' id='word_1_180' title='bbox 320 1733 439 1786; x_wconf 90' lang='lat' dir='ltr'><strong>eiusdem</strong></span> <span class='ocrx_word' id='word_1_181' title='bbox 460 1732 490 1787; x_wconf 87' lang='lat' dir='ltr'><strong>V.</strong></span> <span class='ocrx_word' id='word_1_182' title='bbox 509 1733 540 1787; x_wconf 91' lang='lat' dir='ltr'><strong>ll.</strong></span> <span class='ocrx_word' id='word_1_183' title='bbox 559 1733 699 1802; x_wconf 87' lang='lat' dir='ltr'><strong>disputatio</strong></span> <span class='ocrx_word' id='word_1_184' title='bbox 718 1734 750 1787; x_wconf 91' lang='lat' dir='ltr'><strong>ad</strong></span> <span class='ocrx_word' id='word_1_185' title='bbox 770 1734 981 1805; x_wconf 79' lang='lat' dir='ltr'><strong>Catullhlllllll,</strong></span> <span class='ocrx_word' id='word_1_186' title='bbox 1005 1736 1064 1804; x_wconf 85' lang='grc'><strong>28.,</strong></span> <span class='ocrx_word' id='word_1_187' title='bbox 1083 1737 1130 1791; x_wconf 90' lang='lat' dir='ltr'><strong>uhi</strong></span> <span class='ocrx_word' id='word_1_188' title='bbox 1149 1742 1234 1795; x_wconf 74' lang='lat' dir='ltr'><strong>tammr</strong></span> <span class='ocrx_word' id='word_1_189' title='bbox 1248 1736 1284 1803; x_wconf 70' lang='lat' dir='ltr'><strong>tlt,</strong></span> 
     </span>
     <span class='ocr_line' id='line_1_19' title="bbox 143 1798 1285 1873; baseline 0.006 -23"><span class='ocrx_word' id='word_1_190' title='bbox 143 1810 195 1850; x_wconf 93' lang='lat' dir='ltr'><strong>non</strong></span> <span class='ocrx_word' id='word_1_191' title='bbox 212 1798 257 1867; x_wconf 84' lang='lat' dir='ltr'><strong>ita,</strong></span> <span class='ocrx_word' id='word_1_192' title='bbox 276 1814 323 1868; x_wconf 89' lang='lat' dir='ltr'><strong>pro</strong></span> <span class='ocrx_word' id='word_1_193' title='bbox 342 1803 369 1853; x_wconf 87' lang='lat' dir='ltr'><strong>ct</strong></span> <span class='ocrx_word' id='word_1_194' title='bbox 386 1803 499 1855; x_wconf 90' lang='lat' dir='ltr'><strong>coniicit.</strong></span> <span class='ocrx_word' id='word_1_195' title='bbox 517 1801 615 1868; x_wconf 84' lang='lat' dir='ltr'><strong>Spolrn.</strong></span> <span class='ocrx_word' id='word_1_196' title='bbox 633 1804 760 1856; x_wconf 81' lang='lat' dir='ltr'><strong>relectam</strong></span> <span class='ocrx_word' id='word_1_197' title='bbox 778 1805 830 1855; x_wconf 88' lang='lat' dir='ltr'><strong>iam</strong></span> <span class='ocrx_word' id='word_1_198' title='bbox 853 1802 884 1856; x_wconf 90' lang='lat' dir='ltr'><strong>ah</strong></span> <span class='ocrx_word' id='word_1_199' title='bbox 903 1802 1003 1873; x_wconf 81' lang='lat' dir='ltr'><strong>lleynio</strong></span> <span class='ocrx_word' id='word_1_200' title='bbox 1022 1810 1050 1861; x_wconf 91' lang='lat' dir='ltr'><strong>et</strong></span> <span class='ocrx_word' id='word_1_201' title='bbox 1064 1802 1162 1859; x_wconf 88' lang='lat' dir='ltr'><strong>Vossio</strong></span> <span class='ocrx_word' id='word_1_202' title='bbox 1179 1806 1285 1862; x_wconf 78' lang='lat' dir='ltr'><strong>retractat</strong></span> 
     </span>
     <span class='ocr_line' id='line_1_20' title="bbox 144 1867 1284 1944; baseline 0.004 -23"><span class='ocrx_word' id='word_1_203' title='bbox 144 1867 361 1944; x_wconf 78' lang='lat' dir='ltr'><strong>explicationem:</strong></span> <span class='ocrx_word' id='word_1_204' title='bbox 388 1867 483 1935; x_wconf 86' lang='lat' dir='ltr'><strong>„lligni</strong></span> <span class='ocrx_word' id='word_1_205' title='bbox 513 1871 577 1922; x_wconf 90' lang='lat' dir='ltr'><strong>estis</strong></span> <span class='ocrx_word' id='word_1_206' title='bbox 604 1872 735 1937; x_wconf 88' lang='lat' dir='ltr'><strong>praemio;</strong></span> <span class='ocrx_word' id='word_1_207' title='bbox 762 1870 855 1937; x_wconf 76' lang='lat' dir='ltr'><strong>dignus</strong></span> <span class='ocrx_word' id='word_1_208' title='bbox 883 1870 941 1939; x_wconf 90' lang='lat' dir='ltr'><strong>hic,</strong></span> <span class='ocrx_word' id='word_1_209' title='bbox 968 1871 1062 1938; x_wconf 72' lang='lat' dir='ltr'><strong>dignus</strong></span> <span class='ocrx_word' id='word_1_210' title='bbox 1082 1872 1166 1939; x_wconf 85' lang='lat' dir='ltr'><strong>alter;</strong></span> <span class='ocrx_word' id='word_1_211' title='bbox 1198 1874 1284 1941; x_wconf 77' lang='lat' dir='ltr'><strong>dignus,</strong></span> 
     </span>
     <span class='ocr_line' id='line_1_21' title="bbox 143 1936 1286 2003; baseline 0.004 -17"><span class='ocrx_word' id='word_1_212' title='bbox 143 1947 292 2003; x_wconf 83' lang='lat' dir='ltr'><strong>quicunque</strong></span> <span class='ocrx_word' id='word_1_213' title='bbox 312 1937 364 1988; x_wconf 89' lang='lat' dir='ltr'><strong>iam</strong></span> <span class='ocrx_word' id='word_1_214' title='bbox 382 1939 450 2002; x_wconf 88' lang='lat' dir='ltr'><strong>sapit</strong></span> <span class='ocrx_word' id='word_1_215' title='bbox 468 1941 495 1990; x_wconf 90' lang='lat' dir='ltr'><strong>et</strong></span> <span class='ocrx_word' id='word_1_216' title='bbox 512 1936 625 1991; x_wconf 83' lang='lat' dir='ltr'><strong>abstinet</strong></span> <span class='ocrx_word' id='word_1_217' title='bbox 643 1937 675 1991; x_wconf 89' lang='lat' dir='ltr'><strong>ab</strong></span> <span class='ocrx_word' id='word_1_218' title='bbox 695 1952 799 2003; x_wconf 87' lang='lat' dir='ltr'><strong>errrore,</strong></span> <span class='ocrx_word' id='word_1_219' title='bbox 823 1943 867 1991; x_wconf 89' lang='lat' dir='ltr'><strong>ant</strong></span> <span class='ocrx_word' id='word_1_220' title='bbox 891 1940 977 1995; x_wconf 91' lang='lat' dir='ltr'><strong>alieno</strong></span> <span class='ocrx_word' id='word_1_221' title='bbox 996 1938 1108 1994; x_wconf 90' lang='lat' dir='ltr'><strong>edoctus</strong></span> <span class='ocrx_word' id='word_1_222' title='bbox 1126 1941 1217 1997; x_wconf 93' lang='lat' dir='ltr'><strong>dolore</strong></span> <span class='ocrx_word' id='word_1_223' title='bbox 1251 1942 1286 1993; x_wconf 85' lang='lat' dir='ltr'><strong>ant</strong></span> 
     </span>
     <span class='ocr_line' id='line_1_22' title="bbox 143 1980 1285 2082; baseline 0.002 -25"><span class='ocrx_word' id='word_1_224' title='bbox 143 2017 201 2070; x_wconf 92' lang='lat' dir='ltr'><strong>suo,</strong></span> <span class='ocrx_word' id='word_1_225' title='bbox 223 2004 362 2082; x_wconf 85' lang='lat' dir='ltr'><strong>aliqnando</strong></span> <span class='ocrx_word' id='word_1_226' title='bbox 382 2006 570 2072; x_wconf 81' lang='lat' dir='ltr'><strong>resipiscens.“</strong></span> <span class='ocrx_word' id='word_1_227' title='bbox 590 2004 661 2058; x_wconf 88' lang='lat' dir='ltr'><strong>lalrn.</strong></span> <span class='ocrx_word' id='word_1_228' title='bbox 682 2020 741 2058; x_wconf 89' lang='lat' dir='ltr'><strong>curn</strong></span> <span class='ocrx_word' id='word_1_229' title='bbox 766 2005 858 2059; x_wconf 83' lang='lat' dir='ltr'><strong>Servio</strong></span> <span class='ocrx_word' id='word_1_230' title='bbox 877 2006 933 2073; x_wconf 87' lang='lat' dir='ltr'><strong>(qni</strong></span> <span class='ocrx_word' id='word_1_231' title='bbox 953 2006 1020 2060; x_wconf 89' lang='lat' dir='ltr'><strong>haec</strong></span> <span class='ocrx_word' id='word_1_232' title='bbox 1040 2007 1198 2076; x_wconf 89' lang='lat' dir='ltr'><strong>adscripsit:</strong></span> <span class='ocrx_word' id='word_1_233' title='bbox 1221 1980 1285 2061; x_wconf 76' lang='lat' dir='ltr'><strong>ltu</strong></span> 
     </span>
     <span class='ocr_line' id='line_1_23' title="bbox 143 2071 1319 2143; baseline 0.002 -16"><span class='ocrx_word' id='word_1_234' title='bbox 143 2077 170 2127; x_wconf 88' lang='lat' dir='ltr'><strong>et</strong></span> <span class='ocrx_word' id='word_1_235' title='bbox 187 2071 231 2124; x_wconf 90' lang='lat' dir='ltr'><strong>hic</strong></span> <span class='ocrx_word' id='word_1_236' title='bbox 249 2072 320 2139; x_wconf 85' lang='lat' dir='ltr'><strong>digni</strong></span> <span class='ocrx_word' id='word_1_237' title='bbox 339 2075 403 2126; x_wconf 90' lang='lat' dir='ltr'><strong>estis</strong></span> <span class='ocrx_word' id='word_1_238' title='bbox 421 2073 502 2126; x_wconf 87' lang='lat' dir='ltr'><strong>vitula</strong></span> <span class='ocrx_word' id='word_1_239' title='bbox 520 2080 547 2128; x_wconf 92' lang='lat' dir='ltr'><strong>et</strong></span> <span class='ocrx_word' id='word_1_240' title='bbox 568 2074 716 2142; x_wconf 86' lang='lat' dir='ltr'><strong>quicunque</strong></span> <span class='ocrx_word' id='word_1_241' title='bbox 735 2073 828 2125; x_wconf 89' lang='lat' dir='ltr'><strong>similis</strong></span> <span class='ocrx_word' id='word_1_242' title='bbox 853 2076 932 2127; x_wconf 87' lang='lat' dir='ltr'><strong>uestri</strong></span> <span class='ocrx_word' id='word_1_243' title='bbox 959 2072 1012 2140; x_wconf 86' lang='lat' dir='ltr'><strong>est)</strong></span> <span class='ocrx_word' id='word_1_244' title='bbox 1037 2076 1078 2127; x_wconf 92' lang='lat' dir='ltr'><strong>sic</strong></span> <span class='ocrx_word' id='word_1_245' title='bbox 1097 2077 1284 2143; x_wconf 87' lang='lat' dir='ltr'><strong>interpretatur:</strong></span> <span class='ocrx_word' id='word_1_246' title='bbox 1314 2116 1319 2129; x_wconf 94' lang='lat'><strong>.</strong></span> 
     </span>
     <span class='ocr_line' id='line_1_24' title="bbox 142 2138 1318 2210; baseline 0.005 -21"><span class='ocrx_word' id='word_1_247' title='bbox 142 2138 266 2204; x_wconf 90' lang='lat' dir='ltr'><strong>„Summo</strong></span> <span class='ocrx_word' id='word_1_248' title='bbox 284 2141 400 2206; x_wconf 89' lang='lat' dir='ltr'><strong>praemio</strong></span> <span class='ocrx_word' id='word_1_249' title='bbox 416 2139 489 2205; x_wconf 78' lang='lat' dir='ltr'><strong>digni</strong></span> <span class='ocrx_word' id='word_1_250' title='bbox 509 2144 572 2196; x_wconf 90' lang='lat' dir='ltr'><strong>estis</strong></span> <span class='ocrx_word' id='word_1_251' title='bbox 591 2147 617 2194; x_wconf 89' lang='lat' dir='ltr'><strong>et</strong></span> <span class='ocrx_word' id='word_1_252' title='bbox 637 2146 673 2207; x_wconf 86' lang='lat' dir='ltr'><strong>tu,</strong></span> <span class='ocrx_word' id='word_1_253' title='bbox 692 2145 719 2194; x_wconf 91' lang='lat' dir='ltr'><strong>et</strong></span> <span class='ocrx_word' id='word_1_254' title='bbox 734 2140 787 2208; x_wconf 88' lang='lat' dir='ltr'><strong>ille,</strong></span> <span class='ocrx_word' id='word_1_255' title='bbox 807 2146 834 2194; x_wconf 90' lang='lat' dir='ltr'><strong>et</strong></span> <span class='ocrx_word' id='word_1_256' title='bbox 852 2142 936 2194; x_wconf 87' lang='lat' dir='ltr'><strong>omnis</strong></span> <span class='ocrx_word' id='word_1_257' title='bbox 952 2143 996 2209; x_wconf 85' lang='lat' dir='ltr'><strong>qui</strong></span> <span class='ocrx_word' id='word_1_258' title='bbox 1009 2142 1285 2210; x_wconf 78' lang='lat' dir='ltr'><strong>tamproecture[pnat</strong></span> <span class='ocrx_word' id='word_1_259' title='bbox 1312 2184 1318 2203; x_wconf 86' lang='lat'><strong>,</strong></span> 
     </span>
     <span class='ocr_line' id='line_1_25' title="bbox 141 2180 1303 2272; baseline 0 -13"><span class='ocrx_word' id='word_1_260' title='bbox 141 2211 228 2260; x_wconf 91' lang='lat' dir='ltr'><strong>tamen</strong></span> <span class='ocrx_word' id='word_1_261' title='bbox 246 2208 326 2261; x_wconf 87' lang='lat' dir='ltr'><strong>uerha</strong></span> <span class='ocrx_word' id='word_1_262' title='bbox 344 2207 369 2257; x_wconf 93' lang='lat' dir='ltr'><strong>in</strong></span> <span class='ocrx_word' id='word_1_263' title='bbox 388 2205 452 2260; x_wconf 91' lang='lat' dir='ltr'><strong>edit.</strong></span> <span class='ocrx_word' id='word_1_264' title='bbox 470 2208 502 2260; x_wconf 91' lang='lat' dir='ltr'><strong>ll.</strong></span> <span class='ocrx_word' id='word_1_265' title='bbox 525 2211 581 2262; x_wconf 92' lang='lat' dir='ltr'><strong>iure</strong></span> <span class='ocrx_word' id='word_1_266' title='bbox 602 2207 700 2272; x_wconf 87' lang='lat' dir='ltr'><strong>omisit]</strong></span> <span class='ocrx_word' id='word_1_267' title='bbox 720 2210 815 2261; x_wconf 83' lang='lat' dir='ltr'><strong>arnonis</strong></span> <span class='ocrx_word' id='word_1_268' title='bbox 833 2215 876 2261; x_wconf 89' lang='lat' dir='ltr'><strong>aut</strong></span> <span class='ocrx_word' id='word_1_269' title='bbox 902 2180 1068 2263; x_wconf 74' lang='lat' dir='ltr'><strong>dnlcedinem</strong></span> <span class='ocrx_word' id='word_1_270' title='bbox 1099 2215 1145 2262; x_wconf 88' lang='lat' dir='ltr'><strong>ant</strong></span> <span class='ocrx_word' id='word_1_271' title='bbox 1171 2214 1303 2263; x_wconf 72' lang='lat' dir='ltr'><strong>amante.</strong></span> 
     </span>
     <span class='ocr_line' id='line_1_26' title="bbox 141 2272 1287 2343; baseline 0.003 -17"><span class='ocrx_word' id='word_1_272' title='bbox 141 2273 229 2328; x_wconf 91' lang='lat' dir='ltr'><strong>dinem</strong></span> <span class='ocrx_word' id='word_1_273' title='bbox 248 2275 362 2326; x_wconf 90' lang='lat' dir='ltr'><strong>carrnine</strong></span> <span class='ocrx_word' id='word_1_274' title='bbox 381 2272 553 2327; x_wconf 84' lang='lat' dir='ltr'><strong>celehrahit.“</strong></span> <span class='ocrx_word' id='word_1_275' title='bbox 588 2275 641 2329; x_wconf 91' lang='lat' dir='ltr'><strong>Sed</strong></span> <span class='ocrx_word' id='word_1_276' title='bbox 666 2289 743 2343; x_wconf 87' lang='lat' dir='ltr'><strong>qnam</strong></span> <span class='ocrx_word' id='word_1_277' title='bbox 768 2279 832 2328; x_wconf 87' lang='lat' dir='ltr'><strong>mira</strong></span> <span class='ocrx_word' id='word_1_278' title='bbox 859 2274 925 2330; x_wconf 89' lang='lat' dir='ltr'><strong>haec</strong></span> <span class='ocrx_word' id='word_1_279' title='bbox 948 2278 983 2329; x_wconf 92' lang='lat' dir='ltr'><strong>sit</strong></span> <span class='ocrx_word' id='word_1_280' title='bbox 1010 2276 1209 2331; x_wconf 76' lang='lat' dir='ltr'><strong>circumlocutio</strong></span> <span class='ocrx_word' id='word_1_281' title='bbox 1226 2280 1287 2339; x_wconf 80' lang='lat' dir='ltr'><strong>(nae-</strong></span> 
     </span>
     <span class='ocr_line' id='line_1_27' title="bbox 140 2341 1286 2409; baseline 0.001 -14"><span class='ocrx_word' id='word_1_282' title='bbox 140 2344 213 2395; x_wconf 82' lang='lat' dir='ltr'><strong>tacre</strong></span> <span class='ocrx_word' id='word_1_283' title='bbox 231 2341 320 2395; x_wconf 80' lang='lat' dir='ltr'><strong>dulces</strong></span> <span class='ocrx_word' id='word_1_284' title='bbox 337 2354 450 2409; x_wconf 80' lang='lat' dir='ltr'><strong>canores,</strong></span> <span class='ocrx_word' id='word_1_285' title='bbox 470 2343 590 2409; x_wconf 67' lang='lat' dir='ltr'><strong>experiri</strong></span> <span class='ocrx_word' id='word_1_286' title='bbox 607 2356 717 2395; x_wconf 84' lang='lat' dir='ltr'><strong>ornares</strong></span> <span class='ocrx_word' id='word_1_287' title='bbox 734 2357 799 2409; x_wconf 92' lang='lat' dir='ltr'><strong>pro:</strong></span> <span class='ocrx_word' id='word_1_288' title='bbox 825 2357 920 2397; x_wconf 90' lang='lat' dir='ltr'><strong>canere</strong></span> <span class='ocrx_word' id='word_1_289' title='bbox 939 2343 1105 2398; x_wconf 88' lang='lat' dir='ltr'><strong>dulcedinem</strong></span> <span class='ocrx_word' id='word_1_290' title='bbox 1126 2349 1152 2399; x_wconf 91' lang='lat' dir='ltr'><strong>et</strong></span> <span class='ocrx_word' id='word_1_291' title='bbox 1170 2345 1286 2399; x_wconf 78' lang='lat' dir='ltr'><strong>ammitt-</strong></span> 
     </span>
     <span class='ocr_line' id='line_1_28' title="bbox 141 2409 1286 2478; baseline 0.001 -16"><span class='ocrx_word' id='word_1_292' title='bbox 141 2409 230 2464; x_wconf 85' lang='lat' dir='ltr'><strong>dinem</strong></span> <span class='ocrx_word' id='word_1_293' title='bbox 253 2410 370 2473; x_wconf 72' lang='lat' dir='ltr'><strong>arnonis),</strong></span> <span class='ocrx_word' id='word_1_294' title='bbox 389 2422 447 2476; x_wconf 86' lang='lat' dir='ltr'><strong>quus</strong></span> <span class='ocrx_word' id='word_1_295' title='bbox 468 2425 501 2466; x_wconf 90' lang='lat' dir='ltr'><strong>ue</strong></span> <span class='ocrx_word' id='word_1_296' title='bbox 522 2411 609 2474; x_wconf 78' lang='lat' dir='ltr'><strong>uidet3</strong></span> <span class='ocrx_word' id='word_1_297' title='bbox 636 2410 765 2478; x_wconf 87' lang='lat' dir='ltr'><strong>adquam</strong></span> <span class='ocrx_word' id='word_1_298' title='bbox 788 2411 963 2465; x_wconf 83' lang='lat' dir='ltr'><strong>excusandam</strong></span> <span class='ocrx_word' id='word_1_299' title='bbox 985 2424 1036 2464; x_wconf 93' lang='lat' dir='ltr'><strong>non</strong></span> <span class='ocrx_word' id='word_1_300' title='bbox 1056 2409 1182 2466; x_wconf 90' lang='lat' dir='ltr'><strong>sullicere</strong></span> <span class='ocrx_word' id='word_1_301' title='bbox 1199 2412 1286 2466; x_wconf 87' lang='lat' dir='ltr'><strong>niden·</strong></span> 
     </span>
     <span class='ocr_line' id='line_1_29' title="bbox 138 2476 1286 2547; baseline 0 -16"><span class='ocrx_word' id='word_1_302' title='bbox 138 2484 188 2544; x_wconf 91' lang='lat' dir='ltr'><strong>tur,</strong></span> <span class='ocrx_word' id='word_1_303' title='bbox 207 2492 275 2547; x_wconf 87' lang='lat' dir='ltr'><strong>quae</strong></span> <span class='ocrx_word' id='word_1_304' title='bbox 295 2476 367 2531; x_wconf 89' lang='lat' dir='ltr'><strong>lalrn.</strong></span> <span class='ocrx_word' id='word_1_305' title='bbox 388 2479 414 2528; x_wconf 92' lang='lat' dir='ltr'><strong>in</strong></span> <span class='ocrx_word' id='word_1_306' title='bbox 468 2481 494 2532; x_wconf 91' lang='lat' dir='ltr'><strong>it.</strong></span> <span class='ocrx_word' id='word_1_307' title='bbox 517 2477 549 2531; x_wconf 90' lang='lat' dir='ltr'><strong>ll.</strong></span> <span class='ocrx_word' id='word_1_308' title='bbox 570 2478 701 2530; x_wconf 86' lang='lat' dir='ltr'><strong>adiunxit:</strong></span> <span class='ocrx_word' id='word_1_309' title='bbox 726 2476 813 2543; x_wconf 85' lang='lat' dir='ltr'><strong>„Earn</strong></span> <span class='ocrx_word' id='word_1_310' title='bbox 837 2491 900 2531; x_wconf 88' lang='lat' dir='ltr'><strong>vero</strong></span> <span class='ocrx_word' id='word_1_311' title='bbox 926 2480 1020 2531; x_wconf 90' lang='lat' dir='ltr'><strong>amoris</strong></span> <span class='ocrx_word' id='word_1_312' title='bbox 1047 2480 1237 2545; x_wconf 76' lang='lat' dir='ltr'><strong>experientiam</strong></span> <span class='ocrx_word' id='word_1_313' title='bbox 1258 2476 1286 2531; x_wconf 85' lang='lat' dir='ltr'><strong>ad</strong></span> 
     </span>
     <span class='ocr_line' id='line_1_30' title="bbox 139 2544 1322 2613; baseline -0.002 -12"><span class='ocrx_word' id='word_1_314' title='bbox 139 2547 224 2601; x_wconf 89' lang='lat' dir='ltr'><strong>solum</strong></span> <span class='ocrx_word' id='word_1_315' title='bbox 243 2550 345 2600; x_wconf 89' lang='lat' dir='ltr'><strong>cantum</strong></span> <span class='ocrx_word' id='word_1_316' title='bbox 370 2544 477 2611; x_wconf 83' lang='lat' dir='ltr'><strong>reterri,</strong></span> <span class='ocrx_word' id='word_1_317' title='bbox 503 2559 536 2600; x_wconf 86' lang='lat' dir='ltr'><strong>ex</strong></span> <span class='ocrx_word' id='word_1_318' title='bbox 555 2548 619 2613; x_wconf 88' lang='lat' dir='ltr'><strong>ipsis</strong></span> <span class='ocrx_word' id='word_1_319' title='bbox 638 2545 725 2600; x_wconf 82' lang='lat' dir='ltr'><strong>neruis</strong></span> <span class='ocrx_word' id='word_1_320' title='bbox 743 2560 791 2612; x_wconf 89' lang='lat' dir='ltr'><strong>per</strong></span> <span class='ocrx_word' id='word_1_321' title='bbox 808 2558 837 2599; x_wconf 91' lang='lat' dir='ltr'><strong>se</strong></span> <span class='ocrx_word' id='word_1_322' title='bbox 856 2559 906 2598; x_wconf 94' lang='lat' dir='ltr'><strong>non</strong></span> <span class='ocrx_word' id='word_1_323' title='bbox 922 2548 1046 2612; x_wconf 87' lang='lat' dir='ltr'><strong>sequitur,</strong></span> <span class='ocrx_word' id='word_1_324' title='bbox 1068 2546 1116 2598; x_wconf 92' lang='lat' dir='ltr'><strong>sed</strong></span> <span class='ocrx_word' id='word_1_325' title='bbox 1135 2561 1168 2601; x_wconf 84' lang='lat' dir='ltr'><strong>ex</strong></span> <span class='ocrx_word' id='word_1_326' title='bbox 1187 2552 1288 2600; x_wconf 82' lang='lat' dir='ltr'><strong>cantuu-</strong></span> <span class='ocrx_word' id='word_1_327' title='bbox 1318 2552 1322 2565; x_wconf 91' lang='grc'>·</span> 
     </span>
     <span class='ocr_line' id='line_1_31' title="bbox 70 2610 1288 2681; baseline -0.002 -15"><span class='ocrx_word' id='word_1_328' title='bbox 70 2610 76 2619; x_wconf 77' lang='grc'><strong>“</strong></span> <span class='ocrx_word' id='word_1_329' title='bbox 139 2616 203 2667; x_wconf 89' lang='lat' dir='ltr'><strong>tium</strong></span> <span class='ocrx_word' id='word_1_330' title='bbox 229 2614 379 2668; x_wconf 91' lang='lat' dir='ltr'><strong>conditione</strong></span> <span class='ocrx_word' id='word_1_331' title='bbox 405 2619 431 2667; x_wconf 91' lang='lat' dir='ltr'><strong>et</strong></span> <span class='ocrx_word' id='word_1_332' title='bbox 455 2615 533 2666; x_wconf 92' lang='lat' dir='ltr'><strong>totins</strong></span> <span class='ocrx_word' id='word_1_333' title='bbox 558 2615 678 2665; x_wconf 85' lang='lat' dir='ltr'><strong>carminis</strong></span> <span class='ocrx_word' id='word_1_334' title='bbox 711 2615 810 2666; x_wconf 86' lang='lat' dir='ltr'><strong>ratione</strong></span> <span class='ocrx_word' id='word_1_335' title='bbox 835 2612 994 2678; x_wconf 82' lang='lat' dir='ltr'><strong>colligitur.“</strong></span> <span class='ocrx_word' id='word_1_336' title='bbox 1045 2611 1134 2675; x_wconf 80' lang='lat' dir='ltr'><strong>Quid?</strong></span> <span class='ocrx_word' id='word_1_337' title='bbox 1159 2614 1230 2681; x_wconf 85' lang='lat' dir='ltr'><strong>quod</strong></span> <span class='ocrx_word' id='word_1_338' title='bbox 1250 2611 1288 2667; x_wconf 84' lang='lat' dir='ltr'><strong>rel</strong></span> 
     </span>
     <span class='ocr_line' id='line_1_32' title="bbox 137 2679 1288 2751; baseline -0.002 -16"><span class='ocrx_word' id='word_1_339' title='bbox 137 2683 247 2751; x_wconf 88' lang='lat' dir='ltr'><strong>probata</strong></span> <span class='ocrx_word' id='word_1_340' title='bbox 266 2681 316 2734; x_wconf 89' lang='lat' dir='ltr'><strong>hac</strong></span> <span class='ocrx_word' id='word_1_341' title='bbox 334 2682 509 2749; x_wconf 87' lang='lat' dir='ltr'><strong>explicatione</strong></span> <span class='ocrx_word' id='word_1_342' title='bbox 536 2685 600 2733; x_wconf 92' lang='lat' dir='ltr'><strong>mira</strong></span> <span class='ocrx_word' id='word_1_343' title='bbox 624 2685 709 2735; x_wconf 90' lang='lat' dir='ltr'><strong>tamen</strong></span> <span class='ocrx_word' id='word_1_344' title='bbox 734 2682 969 2734; x_wconf 89' lang='lat' dir='ltr'><strong>restatsententia:</strong></span> <span class='ocrx_word' id='word_1_345' title='bbox 995 2680 1112 2747; x_wconf 90' lang='lat' dir='ltr'><strong>praemio</strong></span> <span class='ocrx_word' id='word_1_346' title='bbox 1133 2679 1227 2747; x_wconf 81' lang='lat' dir='ltr'><strong>dignus</strong></span> <span class='ocrx_word' id='word_1_347' title='bbox 1243 2684 1288 2745; x_wconf 92' lang='lat' dir='ltr'><strong>est,</strong></span> 
     </span>
     <span class='ocr_line' id='line_1_33' title="bbox 137 2745 1328 2821; baseline -0.002 -19"><span class='ocrx_word' id='word_1_348' title='bbox 137 2750 251 2821; x_wconf 81' lang='lat' dir='ltr'><strong>quisquis</strong></span> <span class='ocrx_word' id='word_1_349' title='bbox 277 2764 391 2804; x_wconf 91' lang='lat' dir='ltr'><strong>amorem</strong></span> <span class='ocrx_word' id='word_1_350' title='bbox 413 2751 482 2803; x_wconf 88' lang='lat' dir='ltr'><strong>canit</strong></span> <span class='ocrx_word' id='word_1_351' title='bbox 507 2755 551 2800; x_wconf 89' lang='lat' dir='ltr'><strong>ant</strong></span> <span class='ocrx_word' id='word_1_352' title='bbox 576 2748 679 2802; x_wconf 91' lang='lat' dir='ltr'><strong>dulcem</strong></span> <span class='ocrx_word' id='word_1_353' title='bbox 705 2754 749 2801; x_wconf 89' lang='lat' dir='ltr'><strong>aot</strong></span> <span class='ocrx_word' id='word_1_354' title='bbox 775 2761 905 2813; x_wconf 81' lang='lat' dir='ltr'><strong>aurarum3</strong></span> <span class='ocrx_word' id='word_1_355' title='bbox 931 2761 1009 2814; x_wconf 90' lang='lat' dir='ltr'><strong>quum</strong></span> <span class='ocrx_word' id='word_1_356' title='bbox 1033 2745 1151 2814; x_wconf 88' lang='lat' dir='ltr'><strong>prolecto</strong></span> <span class='ocrx_word' id='word_1_357' title='bbox 1175 2746 1289 2802; x_wconf 88' lang='lat' dir='ltr'><strong>hicnon</strong></span> <span class='ocrx_word' id='word_1_358' title='bbox 1322 2768 1328 2779; x_wconf 90' lang='lat'><em>·</em></span> 
     </span>
     <span class='ocr_line' id='line_1_34' title="bbox 136 2812 1331 2887; baseline -0.003 -15"><span class='ocrx_word' id='word_1_359' title='bbox 136 2817 258 2885; x_wconf 88' lang='lat' dir='ltr'><strong>sulliciat,</strong></span> <span class='ocrx_word' id='word_1_360' title='bbox 278 2822 306 2870; x_wconf 90' lang='lat' dir='ltr'><strong>nt</strong></span> <span class='ocrx_word' id='word_1_361' title='bbox 323 2819 427 2870; x_wconf 90' lang='lat' dir='ltr'><strong>orrrnino</strong></span> <span class='ocrx_word' id='word_1_362' title='bbox 447 2822 522 2870; x_wconf 88' lang='lat' dir='ltr'><strong>canat</strong></span> <span class='ocrx_word' id='word_1_363' title='bbox 540 2816 649 2882; x_wconf 79' lang='lat' dir='ltr'><strong>aliquis,</strong></span> <span class='ocrx_word' id='word_1_364' title='bbox 675 2815 723 2870; x_wconf 91' lang='lat' dir='ltr'><strong>sed</strong></span> <span class='ocrx_word' id='word_1_365' title='bbox 743 2821 897 2883; x_wconf 86' lang='lat' dir='ltr'><strong>quaeratur,</strong></span> <span class='ocrx_word' id='word_1_366' title='bbox 922 2816 1049 2883; x_wconf 80' lang='lat' dir='ltr'><strong>puonrodo</strong></span> <span class='ocrx_word' id='word_1_367' title='bbox 1068 2819 1152 2869; x_wconf 84' lang='lat' dir='ltr'><strong>canat.</strong></span> <span class='ocrx_word' id='word_1_368' title='bbox 1199 2814 1287 2883; x_wconf 85' lang='lat' dir='ltr'><strong>Neque</strong></span> <span class='ocrx_word' id='word_1_369' title='bbox 1328 2812 1331 2887; x_wconf 67' lang='lat' dir='ltr'>f</span> 
     </span>
     <span class='ocr_line' id='line_1_35' title="bbox 136 2882 1288 2954; baseline -0.002 -14"><span class='ocrx_word' id='word_1_370' title='bbox 136 2892 283 2954; x_wconf 76' lang='lat' dir='ltr'><strong>cerasum,</strong></span> <span class='ocrx_word' id='word_1_371' title='bbox 303 2900 370 2954; x_wconf 90' lang='lat' dir='ltr'><strong>quae</strong></span> <span class='ocrx_word' id='word_1_372' title='bbox 389 2890 527 2952; x_wconf 86' lang='lat' dir='ltr'><strong>praeterea</strong></span> <span class='ocrx_word' id='word_1_373' title='bbox 546 2884 652 2937; x_wconf 86' lang='lat' dir='ltr'><strong>adnotat</strong></span> <span class='ocrx_word' id='word_1_374' title='bbox 669 2882 755 2949; x_wconf 82' lang='lat' dir='ltr'><strong>lehn,</strong></span> <span class='ocrx_word' id='word_1_375' title='bbox 781 2882 932 2936; x_wconf 86' lang='lat' dir='ltr'><strong>llarrroetanr</strong></span> <span class='ocrx_word' id='word_1_376' title='bbox 958 2896 1058 2935; x_wconf 84' lang='lat' dir='ltr'><strong>aruaros</strong></span> <span class='ocrx_word' id='word_1_377' title='bbox 1077 2886 1215 2951; x_wconf 85' lang='lat' dir='ltr'><strong>expertum</strong></span> <span class='ocrx_word' id='word_1_378' title='bbox 1232 2894 1288 2938; x_wconf 82' lang='lat' dir='ltr'><strong>csse</strong></span> 
     </span>
     <span class='ocr_line' id='line_1_36' title="bbox 137 2948 1288 3030; baseline -0.006 -20"><span class='ocrx_word' id='word_1_379' title='bbox 137 2968 248 3024; x_wconf 87' lang='lat' dir='ltr'><strong>amores,</strong></span> <span class='ocrx_word' id='word_1_380' title='bbox 267 2956 349 3023; x_wconf 70' lang='lat' dir='ltr'><strong>(qnod</strong></span> <span class='ocrx_word' id='word_1_381' title='bbox 369 2954 479 3023; x_wconf 88' lang='lat' dir='ltr'><strong>probare</strong></span> <span class='ocrx_word' id='word_1_382' title='bbox 501 2952 588 3007; x_wconf 87' lang='lat' dir='ltr'><strong>studet</strong></span> <span class='ocrx_word' id='word_1_383' title='bbox 605 2967 629 3006; x_wconf 91' lang='lat' dir='ltr'><strong>v.</strong></span> <span class='ocrx_word' id='word_1_384' title='bbox 649 2952 691 3007; x_wconf 84' lang='lat' dir='ltr'><strong>dl.</strong></span> <span class='ocrx_word' id='word_1_385' title='bbox 710 2951 751 3007; x_wconf 85' lang='grc'><strong>68.</strong></span> <span class='ocrx_word' id='word_1_386' title='bbox 770 2951 811 3005; x_wconf 86' lang='grc'><strong>72.</strong></span> <span class='ocrx_word' id='word_1_387' title='bbox 832 2949 904 3015; x_wconf 73' lang='lat' dir='ltr'><strong>ih),</strong></span> <span class='ocrx_word' id='word_1_388' title='bbox 930 2948 1073 3004; x_wconf 88' lang='lat' dir='ltr'><strong>ltlenalcam</strong></span> <span class='ocrx_word' id='word_1_389' title='bbox 1094 2956 1183 3028; x_wconf 78' lang='lat' dir='ltr'><strong>autem</strong></span> <span class='ocrx_word' id='word_1_390' title='bbox 1201 2949 1288 3030; x_wconf 79' lang='lat' dir='ltr'><strong>dulces</strong></span> 
     </span>
     <span class='ocr_line' id='line_1_37' title="bbox 136 3016 1287 3096; baseline -0.006 -20"><span class='ocrx_word' id='word_1_391' title='bbox 136 3038 238 3080; x_wconf 91' lang='lat' dir='ltr'><strong>amores</strong></span> <span class='ocrx_word' id='word_1_392' title='bbox 259 3030 386 3088; x_wconf 92' lang='lat' dir='ltr'><strong>metuere,</strong></span> <span class='ocrx_word' id='word_1_393' title='bbox 405 3025 423 3078; x_wconf 92' lang='lat' dir='ltr'><strong>i.</strong></span> <span class='ocrx_word' id='word_1_394' title='bbox 445 3038 469 3083; x_wconf 85' lang='lat' dir='ltr'><strong>e.</strong></span> <span class='ocrx_word' id='word_1_395' title='bbox 490 3035 614 3089; x_wconf 91' lang='lat' dir='ltr'><strong>spernere</strong></span> <span class='ocrx_word' id='word_1_396' title='bbox 633 3024 670 3084; x_wconf 74' lang='lat' dir='ltr'><strong>tu.</strong></span> <span class='ocrx_word' id='word_1_397' title='bbox 691 3020 732 3075; x_wconf 87' lang='grc'><strong>66.</strong></span> <span class='ocrx_word' id='word_1_398' title='bbox 752 3021 793 3074; x_wconf 83' lang='lat' dir='ltr'><strong>to.</strong></span> <span class='ocrx_word' id='word_1_399' title='bbox 814 3019 856 3073; x_wconf 76' lang='lat' dir='ltr'><strong>tl.</strong></span> <span class='ocrx_word' id='word_1_400' title='bbox 875 3016 940 3083; x_wconf 54' lang='lat'><strong>78),</strong></span> <span class='ocrx_word' id='word_1_401' title='bbox 966 3024 994 3070; x_wconf 88' lang='lat' dir='ltr'><strong>ut</strong></span> <span class='ocrx_word' id='word_1_402' title='bbox 1010 3031 1107 3096; x_wconf 80' lang='lat' dir='ltr'><strong>sensus</strong></span> <span class='ocrx_word' id='word_1_403' title='bbox 1124 3022 1171 3070; x_wconf 90' lang='lat' dir='ltr'><strong>srt:</strong></span> <span class='ocrx_word' id='word_1_404' title='bbox 1201 3032 1287 3087; x_wconf 85' lang='lat' dir='ltr'><strong>‚,qm·</strong></span> 
     </span>
     <span class='ocr_line' id='line_1_38' title="bbox 136 3084 1288 3163; baseline -0.005 -18"><span class='ocrx_word' id='word_1_405' title='bbox 136 3107 238 3162; x_wconf 84' lang='lat' dir='ltr'><strong>cunque</strong></span> <span class='ocrx_word' id='word_1_406' title='bbox 258 3100 302 3147; x_wconf 92' lang='lat' dir='ltr'><strong>aut</strong></span> <span class='ocrx_word' id='word_1_407' title='bbox 316 3098 357 3157; x_wconf 79' lang='lat' dir='ltr'><strong>tut</strong></span> <span class='ocrx_word' id='word_1_408' title='bbox 372 3091 519 3154; x_wconf 78' lang='lat' dir='ltr'><strong>Menalcas)</strong></span> <span class='ocrx_word' id='word_1_409' title='bbox 537 3102 639 3142; x_wconf 89' lang='lat' dir='ltr'><strong>amores</strong></span> <span class='ocrx_word' id='word_1_410' title='bbox 660 3087 750 3141; x_wconf 89' lang='lat' dir='ltr'><strong>dulces</strong></span> <span class='ocrx_word' id='word_1_411' title='bbox 769 3091 882 3152; x_wconf 87' lang='lat' dir='ltr'><strong>metuet,</strong></span> <span class='ocrx_word' id='word_1_412' title='bbox 906 3090 949 3137; x_wconf 90' lang='lat' dir='ltr'><strong>aut</strong></span> <span class='ocrx_word' id='word_1_413' title='bbox 966 3084 1017 3163; x_wconf 84' lang='lat' dir='ltr'><strong>(uti</strong></span> <span class='ocrx_word' id='word_1_414' title='bbox 1035 3084 1191 3151; x_wconf 83' lang='lat' dir='ltr'><strong>Damoetas)</strong></span> <span class='ocrx_word' id='word_1_415' title='bbox 1216 3098 1288 3139; x_wconf 83' lang='lat' dir='ltr'><strong>arna-</strong></span> 
     </span>
     <span class='ocr_line' id='line_1_39' title="bbox 134 3151 1288 3229; baseline -0.005 -17"><span class='ocrx_word' id='word_1_416' title='bbox 134 3175 178 3214; x_wconf 93' lang='lat' dir='ltr'><strong>ros</strong></span> <span class='ocrx_word' id='word_1_417' title='bbox 199 3160 377 3229; x_wconf 85' lang='lat' dir='ltr'><strong>experietur.“</strong></span> <span class='ocrx_word' id='word_1_418' title='bbox 417 3160 503 3221; x_wconf 84' lang='lat' dir='ltr'><strong>Quare</strong></span> <span class='ocrx_word' id='word_1_419' title='bbox 527 3158 576 3208; x_wconf 89' lang='lat' dir='ltr'><strong>nisi</strong></span> <span class='ocrx_word' id='word_1_420' title='bbox 602 3169 692 3209; x_wconf 89' lang='lat' dir='ltr'><strong>versus</strong></span> <span class='ocrx_word' id='word_1_421' title='bbox 719 3157 787 3206; x_wconf 88' lang='lat' dir='ltr'><strong>insto</strong></span> <span class='ocrx_word' id='word_1_422' title='bbox 812 3166 890 3207; x_wconf 91' lang='lat' dir='ltr'><strong>sensn</strong></span> <span class='ocrx_word' id='word_1_423' title='bbox 917 3151 1054 3206; x_wconf 86' lang='lat' dir='ltr'><strong>destitutos</strong></span> <span class='ocrx_word' id='word_1_424' title='bbox 1073 3158 1204 3219; x_wconf 91' lang='lat' dir='ltr'><strong>tamquam</strong></span> <span class='ocrx_word' id='word_1_425' title='bbox 1223 3165 1288 3221; x_wconf 90' lang='lat' dir='ltr'><strong>spn-</strong></span> 
     </span>
     <span class='ocr_line' id='line_1_40' title="bbox 134 3220 1288 3295; baseline -0.006 -15"><span class='ocrx_word' id='word_1_426' title='bbox 134 3229 187 3280; x_wconf 93' lang='lat' dir='ltr'><strong>rios</strong></span> <span class='ocrx_word' id='word_1_427' title='bbox 207 3229 284 3295; x_wconf 90' lang='lat' dir='ltr'><strong>plane</strong></span> <span class='ocrx_word' id='word_1_428' title='bbox 304 3230 416 3281; x_wconf 89' lang='lat' dir='ltr'><strong>reiicere</strong></span> <span class='ocrx_word' id='word_1_429' title='bbox 435 3226 544 3278; x_wconf 89' lang='lat' dir='ltr'><strong>velirnns</strong></span> <span class='ocrx_word' id='word_1_430' title='bbox 562 3223 610 3286; x_wconf 76' lang='lat' dir='ltr'><strong>lid.</strong></span> <span class='ocrx_word' id='word_1_431' title='bbox 631 3221 701 3289; x_wconf 90' lang='lat' dir='ltr'><strong>qnod</strong></span> <span class='ocrx_word' id='word_1_432' title='bbox 721 3220 802 3286; x_wconf 83' lang='lat' dir='ltr'><strong>llcyn.</strong></span> <span class='ocrx_word' id='word_1_433' title='bbox 822 3222 951 3281; x_wconf 80' lang='lat' dir='ltr'><strong>suasittet</strong></span> <span class='ocrx_word' id='word_1_434' title='bbox 963 3221 999 3272; x_wconf 90' lang='lat' dir='ltr'><strong>ita</strong></span> <span class='ocrx_word' id='word_1_435' title='bbox 1017 3232 1121 3274; x_wconf 90' lang='lat' dir='ltr'><strong>carmen</strong></span> <span class='ocrx_word' id='word_1_436' title='bbox 1139 3223 1201 3286; x_wconf 86' lang='lat' dir='ltr'><strong>apta</strong></span> <span class='ocrx_word' id='word_1_437' title='bbox 1214 3220 1288 3274; x_wconf 88' lang='lat' dir='ltr'><strong>olau-</strong></span> 
     </span>
     <span class='ocr_line' id='line_1_41' title="bbox 134 3285 1288 3362; baseline -0.005 -15"><span class='ocrx_word' id='word_1_438' title='bbox 134 3295 191 3347; x_wconf 94' lang='lat' dir='ltr'><strong>snla</strong></span> <span class='ocrx_word' id='word_1_439' title='bbox 209 3298 320 3362; x_wconf 88' lang='lat' dir='ltr'><strong>privare,</strong></span> <span class='ocrx_word' id='word_1_440' title='bbox 341 3293 410 3360; x_wconf 86' lang='lat' dir='ltr'><strong>qnod</strong></span> <span class='ocrx_word' id='word_1_441' title='bbox 428 3294 480 3344; x_wconf 92' lang='lat' dir='ltr'><strong>iam</strong></span> <span class='ocrx_word' id='word_1_442' title='bbox 499 3293 572 3342; x_wconf 80' lang='lat' dir='ltr'><strong>drus.</strong></span> <span class='ocrx_word' id='word_1_443' title='bbox 593 3288 672 3343; x_wconf 85' lang='lat' dir='ltr'><strong>Messi</strong></span> <span class='ocrx_word' id='word_1_444' title='bbox 692 3289 832 3341; x_wconf 88' lang='lat' dir='ltr'><strong>auctoritas</strong></span> <span class='ocrx_word' id='word_1_445' title='bbox 851 3285 994 3354; x_wconf 88' lang='lat' dir='ltr'><strong>dissuadet,</strong></span> <span class='ocrx_word' id='word_1_446' title='bbox 1014 3288 1058 3354; x_wconf 84' lang='lat' dir='ltr'><strong>qni</strong></span> <span class='ocrx_word' id='word_1_447' title='bbox 1082 3300 1108 3355; x_wconf 93' lang='lat' dir='ltr'><strong>p.</strong></span> <span class='ocrx_word' id='word_1_448' title='bbox 1126 3286 1186 3343; x_wconf 88' lang='grc'><strong>232.</strong></span> <span class='ocrx_word' id='word_1_449' title='bbox 1222 3290 1288 3341; x_wconf 84' lang='lat' dir='ltr'><strong>riom</strong></span> 
     </span>
     <span class='ocr_line' id='line_1_42' title="bbox 133 3353 1286 3424; baseline -0.003 -11"><span class='ocrx_word' id='word_1_450' title='bbox 133 3375 158 3414; x_wconf 88' lang='lat' dir='ltr'><strong>u.</strong></span> <span class='ocrx_word' id='word_1_451' title='bbox 179 3363 235 3418; x_wconf 82' lang='lat'>109.</span> <span class='ocrx_word' id='word_1_452' title='bbox 255 3361 334 3416; x_wconf 88' lang='lat' dir='ltr'><strong>verha</strong></span> <span class='ocrx_word' id='word_1_453' title='bbox 355 3359 437 3424; x_wconf 84' lang='lat' dir='ltr'><strong>nlt&#39;ert,</strong></span> <span class='ocrx_word' id='word_1_454' title='bbox 456 3359 488 3411; x_wconf 90' lang='lat' dir='ltr'><strong>ad</strong></span> <span class='ocrx_word' id='word_1_455' title='bbox 510 3360 685 3410; x_wconf 89' lang='lat' dir='ltr'><strong>coniecturam</strong></span> <span class='ocrx_word' id='word_1_456' title='bbox 705 3353 908 3420; x_wconf 80' lang='lat' dir='ltr'><strong>confugiendum</strong></span> <span class='ocrx_word' id='word_1_457' title='bbox 927 3368 987 3408; x_wconf 89' lang='lat' dir='ltr'><strong>esse</strong></span> <span class='ocrx_word' id='word_1_458' title='bbox 1006 3354 1123 3415; x_wconf 71' lang='lat' dir='ltr'><strong>videtur:</strong></span> <span class='ocrx_word' id='word_1_459' title='bbox 1149 3360 1177 3409; x_wconf 92' lang='lat' dir='ltr'><strong>et</strong></span> <span class='ocrx_word' id='word_1_460' title='bbox 1230 3369 1286 3423; x_wconf 76' lang='lat' dir='ltr'><strong>agn.</strong></span> 
     </span>
     <span class='ocr_line' id='line_1_43' title="bbox 133 3421 1287 3497; baseline -0.004 -17"><span class='ocrx_word' id='word_1_461' title='bbox 133 3430 239 3497; x_wconf 85' lang='lat' dir='ltr'><strong>quidem</strong></span> <span class='ocrx_word' id='word_1_462' title='bbox 257 3443 321 3483; x_wconf 89' lang='lat' dir='ltr'><strong>sane</strong></span> <span class='ocrx_word' id='word_1_463' title='bbox 341 3428 475 3482; x_wconf 91' lang='lat' dir='ltr'><strong>lenissima</strong></span> <span class='ocrx_word' id='word_1_464' title='bbox 494 3425 637 3477; x_wconf 89' lang='lat' dir='ltr'><strong>rrmlatione</strong></span> <span class='ocrx_word' id='word_1_465' title='bbox 654 3421 721 3475; x_wconf 87' lang='lat' dir='ltr'><strong>lacta</strong></span> <span class='ocrx_word' id='word_1_466' title='bbox 739 3435 785 3487; x_wconf 93' lang='lat' dir='ltr'><strong>pro</strong></span> <span class='ocrx_word' id='word_1_467' title='bbox 804 3423 890 3489; x_wconf 88' lang='lat' dir='ltr'><strong>priore</strong></span> <span class='ocrx_word' id='word_1_468' title='bbox 909 3425 955 3474; x_wconf 86' lang='lat' dir='ltr'><strong>out</strong></span> <span class='ocrx_word' id='word_1_469' title='bbox 971 3423 1074 3490; x_wconf 89' lang='lat' dir='ltr'><strong>scripsit</strong></span> <span class='ocrx_word' id='word_1_470' title='bbox 1091 3422 1192 3486; x_wconf 85' lang='lat' dir='ltr'><strong>hout,·</strong></span> <span class='ocrx_word' id='word_1_471' title='bbox 1211 3436 1287 3492; x_wconf 83' lang='lat' dir='ltr'><strong>quarn</strong></span> 
     </span>
     <span class='ocr_line' id='line_1_44' title="bbox 132 3489 1286 3564; baseline -0.003 -15"><span class='ocrx_word' id='word_1_472' title='bbox 132 3496 200 3553; x_wconf 88' lang='lat' dir='ltr'><strong>haec</strong></span> <span class='ocrx_word' id='word_1_473' title='bbox 217 3496 330 3564; x_wconf 83' lang='lat' dir='ltr'><strong>negandi</strong></span> <span class='ocrx_word' id='word_1_474' title='bbox 349 3494 478 3548; x_wconf 88' lang='lat' dir='ltr'><strong>Particnla</strong></span> <span class='ocrx_word' id='word_1_475' title='bbox 496 3494 597 3558; x_wconf 82' lang='lat' dir='ltr'><strong>inipso</strong></span> <span class='ocrx_word' id='word_1_476' title='bbox 617 3489 739 3543; x_wconf 86' lang='lat' dir='ltr'><strong>Mediceo</strong></span> <span class='ocrx_word' id='word_1_477' title='bbox 759 3491 913 3557; x_wconf 89' lang='lat' dir='ltr'><strong>saepissime</strong></span> <span class='ocrx_word' id='word_1_478' title='bbox 939 3490 1026 3544; x_wconf 89' lang='lat' dir='ltr'><strong>demta</strong></span> <span class='ocrx_word' id='word_1_479' title='bbox 1049 3489 1227 3557; x_wconf 88' lang='lat' dir='ltr'><strong>adspiratione</strong></span> <span class='ocrx_word' id='word_1_480' title='bbox 1245 3490 1286 3545; x_wconf 89' lang='lat' dir='ltr'><strong>le-</strong></span> 
     </span>
     <span class='ocr_line' id='line_1_45' title="bbox 131 3554 1289 3634; baseline -0.007 -16"><span class='ocrx_word' id='word_1_481' title='bbox 131 3572 220 3632; x_wconf 75' lang='lat' dir='ltr'><strong>gatur,</strong></span> <span class='ocrx_word' id='word_1_482' title='bbox 241 3570 378 3634; x_wconf 88' lang='lat' dir='ltr'><strong>praeterea</strong></span> <span class='ocrx_word' id='word_1_483' title='bbox 397 3568 482 3615; x_wconf 89' lang='lat' dir='ltr'><strong>antem</strong></span> <span class='ocrx_word' id='word_1_484' title='bbox 503 3562 539 3611; x_wconf 92' lang='lat' dir='ltr'><strong>ita</strong></span> <span class='ocrx_word' id='word_1_485' title='bbox 561 3558 663 3624; x_wconf 81' lang='lat' dir='ltr'><strong>singula</strong></span> <span class='ocrx_word' id='word_1_486' title='bbox 685 3557 814 3611; x_wconf 90' lang='lat' dir='ltr'><strong>distinxit:</strong></span> <span class='ocrx_word' id='word_1_487' title='bbox 832 3554 866 3608; x_wconf 81' lang='lat' dir='ltr'><strong>Et</strong></span> <span class='ocrx_word' id='word_1_488' title='bbox 882 3557 962 3609; x_wconf 83' lang='lat' dir='ltr'><strong>vihrlc</strong></span> <span class='ocrx_word' id='word_1_489' title='bbox 980 3560 1007 3609; x_wconf 81' lang='lat' dir='ltr'><strong>lo</strong></span> <span class='ocrx_word' id='word_1_490' title='bbox 1024 3557 1123 3626; x_wconf 73' lang='lat' dir='ltr'><strong>aliperus,</strong></span> <span class='ocrx_word' id='word_1_491' title='bbox 1143 3560 1169 3610; x_wconf 88' lang='lat' dir='ltr'><strong>et</strong></span> <span class='ocrx_word' id='word_1_492' title='bbox 1183 3557 1234 3611; x_wconf 83' lang='lat' dir='ltr'><strong>hic.</strong></span> <span class='ocrx_word' id='word_1_493' title='bbox 1254 3554 1289 3609; x_wconf 76' lang='lat' dir='ltr'><strong>Et</strong></span> 
     </span>
     <span class='ocr_line' id='line_1_46' title="bbox 165 3622 1284 3703; baseline -0.006 -17"><span class='ocrx_word' id='word_1_494' title='bbox 165 3622 247 3703; x_wconf 73' lang='lat' dir='ltr'><strong>irpaa&#39;s</strong></span> <span class='ocrx_word' id='word_1_495' title='bbox 271 3647 377 3688; x_wconf 78' lang='lat' dir='ltr'><strong>amores</strong></span> <span class='ocrx_word' id='word_1_496' title='bbox 399 3629 471 3683; x_wconf 79' lang='lat' dir='ltr'><strong>Horat</strong></span> <span class='ocrx_word' id='word_1_497' title='bbox 494 3629 598 3691; x_wconf 77' lang='lat' dir='ltr'><strong>caelaret,</strong></span> <span class='ocrx_word' id='word_1_498' title='bbox 617 3624 721 3687; x_wconf 82' lang='lat' dir='ltr'><strong>dulces,</strong></span> <span class='ocrx_word' id='word_1_499' title='bbox 741 3627 788 3676; x_wconf 85' lang='lat' dir='ltr'><strong>aut</strong></span> <span class='ocrx_word' id='word_1_500' title='bbox 803 3625 955 3691; x_wconf 68' lang='lat' dir='ltr'><strong>experietur</strong></span> <span class='ocrx_word' id='word_1_501' title='bbox 972 3638 1091 3689; x_wconf 64' lang='lat' dir='ltr'><strong>amorem</strong></span> <span class='ocrx_word' id='word_1_502' title='bbox 1110 3629 1137 3677; x_wconf 93' lang='lat' dir='ltr'><strong>ut</strong></span> <span class='ocrx_word' id='word_1_503' title='bbox 1154 3628 1284 3681; x_wconf 86' lang='lat' dir='ltr'><strong>sententia</strong></span> 
     </span>
     <span class='ocr_line' id='line_1_47' title="bbox 130 3647 1284 3765; baseline -0.006 -12"><span class='ocrx_word' id='word_1_504' title='bbox 130 3647 198 3757; x_wconf 49' lang='lat' dir='ltr'><strong>{dec</strong></span> <span class='ocrx_word' id='word_1_505' title='bbox 220 3704 271 3757; x_wconf 90' lang='lat' dir='ltr'><strong>sit:</strong></span> <span class='ocrx_word' id='word_1_506' title='bbox 296 3703 451 3765; x_wconf 84' lang='lat' dir='ltr'><strong>Quicunque</strong></span> <span class='ocrx_word' id='word_1_507' title='bbox 471 3709 573 3749; x_wconf 91' lang='lat' dir='ltr'><strong>amores</strong></span> <span class='ocrx_word' id='word_1_508' title='bbox 591 3706 641 3744; x_wconf 93' lang='lat' dir='ltr'><strong>non</strong></span> <span class='ocrx_word' id='word_1_509' title='bbox 660 3693 765 3756; x_wconf 93' lang='lat' dir='ltr'><strong>metuit,</strong></span> <span class='ocrx_word' id='word_1_510' title='bbox 792 3694 809 3744; x_wconf 94' lang='lat' dir='ltr'><strong>i.</strong></span> <span class='ocrx_word' id='word_1_511' title='bbox 830 3705 854 3745; x_wconf 85' lang='lat' dir='ltr'><strong>e.</strong></span> <span class='ocrx_word' id='word_1_512' title='bbox 874 3706 924 3743; x_wconf 94' lang='lat' dir='ltr'><strong>non</strong></span> <span class='ocrx_word' id='word_1_513' title='bbox 946 3690 1026 3758; x_wconf 80' lang='lat' dir='ltr'><strong>lugit,</strong></span> <span class='ocrx_word' id='word_1_514' title='bbox 1051 3706 1102 3744; x_wconf 94' lang='lat' dir='ltr'><strong>non</strong></span> <span class='ocrx_word' id='word_1_515' title='bbox 1122 3694 1238 3759; x_wconf 89' lang='lat' dir='ltr'><strong>spernit,</strong></span> <span class='ocrx_word' id='word_1_516' title='bbox 1261 3694 1284 3745; x_wconf 80' lang='lat' dir='ltr'><strong>is</strong></span> 
     </span>
     <span class='ocr_line' id='line_1_48' title="bbox 130 3758 1284 3836; baseline -0.005 -13"><span class='ocrx_word' id='word_1_517' title='bbox 130 3782 177 3823; x_wconf 91' lang='lat' dir='ltr'><strong>eos</strong></span> <span class='ocrx_word' id='word_1_518' title='bbox 196 3777 240 3823; x_wconf 90' lang='lat' dir='ltr'><strong>ant</strong></span> <span class='ocrx_word' id='word_1_519' title='bbox 258 3771 350 3824; x_wconf 88' lang='lat' dir='ltr'><strong>dulces</strong></span> <span class='ocrx_word' id='word_1_520' title='bbox 369 3768 527 3836; x_wconf 90' lang='lat' dir='ltr'><strong>experietur,</strong></span> <span class='ocrx_word' id='word_1_521' title='bbox 546 3767 590 3817; x_wconf 92' lang='lat' dir='ltr'><strong>aut</strong></span> <span class='ocrx_word' id='word_1_522' title='bbox 606 3772 723 3824; x_wconf 89' lang='lat' dir='ltr'><strong>amaros,</strong></span> <span class='ocrx_word' id='word_1_523' title='bbox 747 3758 863 3825; x_wconf 86' lang='lat' dir='ltr'><strong>ideoque</strong></span> <span class='ocrx_word' id='word_1_524' title='bbox 888 3758 954 3814; x_wconf 90' lang='lat' dir='ltr'><strong>haec</strong></span> <span class='ocrx_word' id='word_1_525' title='bbox 981 3759 1061 3813; x_wconf 87' lang='lat' dir='ltr'><strong>verba</strong></span> <span class='ocrx_word' id='word_1_526' title='bbox 1087 3773 1146 3812; x_wconf 91' lang='lat' dir='ltr'><strong>enm</strong></span> <span class='ocrx_word' id='word_1_527' title='bbox 1173 3765 1284 3817; x_wconf 81' lang='lat' dir='ltr'><strong>antece-</strong></span> 
     </span>
     <span class='ocr_line' id='line_1_49' title="bbox 130 3828 1284 3898; baseline -0.003 -14"><span class='ocrx_word' id='word_1_528' title='bbox 130 3837 250 3890; x_wconf 80' lang='lat' dir='ltr'><strong>dentibus</strong></span> <span class='ocrx_word' id='word_1_529' title='bbox 271 3852 321 3890; x_wconf 84' lang='lat' dir='ltr'><strong>non</strong></span> <span class='ocrx_word' id='word_1_530' title='bbox 340 3842 410 3890; x_wconf 88' lang='lat' dir='ltr'><strong>arcte</strong></span> <span class='ocrx_word' id='word_1_531' title='bbox 433 3834 599 3896; x_wconf 83' lang='lat' dir='ltr'><strong>cohaereant,</strong></span> <span class='ocrx_word' id='word_1_532' title='bbox 619 3828 667 3884; x_wconf 90' lang='lat' dir='ltr'><strong>sed</strong></span> <span class='ocrx_word' id='word_1_533' title='bbox 687 3839 779 3885; x_wconf 84' lang='lat' dir='ltr'><strong>novam</strong></span> <span class='ocrx_word' id='word_1_534' title='bbox 796 3830 951 3880; x_wconf 91' lang='lat' dir='ltr'><strong>sententiam</strong></span> <span class='ocrx_word' id='word_1_535' title='bbox 977 3829 1150 3893; x_wconf 79' lang='lat' dir='ltr'><strong>constituant,</strong></span> <span class='ocrx_word' id='word_1_536' title='bbox 1178 3828 1204 3880; x_wconf 92' lang='lat' dir='ltr'><strong>in</strong></span> <span class='ocrx_word' id='word_1_537' title='bbox 1232 3840 1284 3898; x_wconf 86' lang='lat' dir='ltr'><strong>qna</strong></span> 
     </span>
     <span class='ocr_line' id='line_1_50' title="bbox 128 3894 1281 3967; baseline -0.006 -11"><span class='ocrx_word' id='word_1_538' title='bbox 128 3904 208 3959; x_wconf 83' lang='lat' dir='ltr'><strong>rerba</strong></span> <span class='ocrx_word' id='word_1_539' title='bbox 229 3906 295 3957; x_wconf 83' lang='lat' dir='ltr'><strong>haut</strong></span> <span class='ocrx_word' id='word_1_540' title='bbox 316 3905 406 3958; x_wconf 81' lang='lat' dir='ltr'><strong>meluit</strong></span> <span class='ocrx_word' id='word_1_541' title='bbox 427 3904 531 3967; x_wconf 81' lang='lat' dir='ltr'><strong>gravius</strong></span> <span class='ocrx_word' id='word_1_542' title='bbox 557 3894 751 3965; x_wconf 89' lang='lat' dir='ltr'><strong>pronuncianda</strong></span> <span class='ocrx_word' id='word_1_543' title='bbox 775 3894 841 3958; x_wconf 91' lang='lat' dir='ltr'><strong>sint,</strong></span> <span class='ocrx_word' id='word_1_544' title='bbox 873 3908 924 3946; x_wconf 92' lang='lat' dir='ltr'><strong>non</strong></span> <span class='ocrx_word' id='word_1_545' title='bbox 954 3895 1071 3962; x_wconf 76' lang='lat' dir='ltr'><strong>quisquis</strong></span> <span class='ocrx_word' id='word_1_546' title='bbox 1097 3898 1141 3948; x_wconf 87' lang='lat' dir='ltr'><strong>aut</strong></span> <span class='ocrx_word' id='word_1_547' title='bbox 1166 3908 1281 3951; x_wconf 69' lang='lat' dir='ltr'><strong>amores</strong></span> 
     </span>
     <span class='ocr_line' id='line_1_51' title="bbox 128 3960 1282 4036; baseline -0.008 -11"><span class='ocrx_word' id='word_1_548' title='bbox 128 3971 252 4026; x_wconf 86' lang='lat' dir='ltr'><strong>Ordinem</strong></span> <span class='ocrx_word' id='word_1_549' title='bbox 273 3960 335 4026; x_wconf 72' lang='lat' dir='ltr'><strong>vero</strong></span> <span class='ocrx_word' id='word_1_550' title='bbox 353 3971 490 4026; x_wconf 86' lang='lat' dir='ltr'><strong>verboram</strong></span> <span class='ocrx_word' id='word_1_551' title='bbox 508 3968 595 4036; x_wconf 93' lang='lat' dir='ltr'><strong>paullo</strong></span> <span class='ocrx_word' id='word_1_552' title='bbox 614 3962 806 4032; x_wconf 91' lang='lat' dir='ltr'><strong>impeditiorem</strong></span> <span class='ocrx_word' id='word_1_553' title='bbox 831 3961 920 4014; x_wconf 80' lang='lat' dir='ltr'><strong>dulces</strong></span> <span class='ocrx_word' id='word_1_554' title='bbox 940 3964 987 4014; x_wconf 83' lang='lat' dir='ltr'><strong>ool</strong></span> <span class='ocrx_word' id='word_1_555' title='bbox 1003 3962 1154 4031; x_wconf 72' lang='lat' dir='ltr'><strong>apportetur</strong></span> <span class='ocrx_word' id='word_1_556' title='bbox 1171 3976 1282 4017; x_wconf 77' lang='lat' dir='ltr'><strong>amaros</strong></span> 
     </span>
     <span class='ocr_line' id='line_1_52' title="bbox 126 4026 1298 4105; baseline -0.007 -14"><span class='ocrx_word' id='word_1_557' title='bbox 126 4039 218 4105; x_wconf 78' lang='lat' dir='ltr'><strong>Wagn.</strong></span> <span class='ocrx_word' id='word_1_558' title='bbox 245 4052 371 4095; x_wconf 87' lang='lat' dir='ltr'><strong>excusare</strong></span> <span class='ocrx_word' id='word_1_559' title='bbox 396 4038 484 4091; x_wconf 90' lang='lat' dir='ltr'><strong>studet</strong></span> <span class='ocrx_word' id='word_1_560' title='bbox 508 4035 630 4089; x_wconf 87' lang='lat' dir='ltr'><strong>similium</strong></span> <span class='ocrx_word' id='word_1_561' title='bbox 649 4032 763 4084; x_wconf 90' lang='lat' dir='ltr'><strong>locorum</strong></span> <span class='ocrx_word' id='word_1_562' title='bbox 788 4031 997 4105; x_wconf 83' lang='lat' dir='ltr'><strong>comparatione,</strong></span> <span class='ocrx_word' id='word_1_563' title='bbox 1022 4035 1050 4081; x_wconf 93' lang='lat' dir='ltr'><strong>ut</strong></span> <span class='ocrx_word' id='word_1_564' title='bbox 1068 4029 1134 4083; x_wconf 88' lang='lat' dir='ltr'><strong>Geo.</strong></span> <span class='ocrx_word' id='word_1_565' title='bbox 1153 4026 1203 4096; x_wconf 79' lang='lat' dir='ltr'><strong>ll„</strong></span> <span class='ocrx_word' id='word_1_566' title='bbox 1221 4030 1298 4087; x_wconf 62' lang='lat' dir='ltr'><strong>tit„</strong></span> 
     </span>
     <span class='ocr_line' id='line_1_53' title="bbox 126 4096 1281 4174; baseline -0.008 -14"><span class='ocrx_word' id='word_1_567' title='bbox 126 4106 165 4161; x_wconf 91' lang='lat' dir='ltr'><strong>Nc</strong></span> <span class='ocrx_word' id='word_1_568' title='bbox 185 4109 243 4174; x_wconf 80' lang='lat' dir='ltr'><strong>orris</strong></span> <span class='ocrx_word' id='word_1_569' title='bbox 263 4114 350 4161; x_wconf 89' lang='lat' dir='ltr'><strong>antem</strong></span> <span class='ocrx_word' id='word_1_570' title='bbox 370 4105 483 4159; x_wconf 61' lang='lat' dir='ltr'><strong>haereat«</strong></span> <span class='ocrx_word' id='word_1_571' title='bbox 495 4106 521 4155; x_wconf 92' lang='lat' dir='ltr'><strong>in</strong></span> <span class='ocrx_word' id='word_1_572' title='bbox 542 4101 671 4155; x_wconf 89' lang='lat' dir='ltr'><strong>Particula</strong></span> <span class='ocrx_word' id='word_1_573' title='bbox 689 4100 736 4151; x_wconf 85' lang='lat' dir='ltr'><strong>cat</strong></span> <span class='ocrx_word' id='word_1_574' title='bbox 757 4096 839 4174; x_wconf 81' lang='lat' dir='ltr'><strong>semel</strong></span> <span class='ocrx_word' id='word_1_575' title='bbox 858 4102 944 4162; x_wconf 83' lang='lat' dir='ltr'><strong>posita</strong></span> <span class='ocrx_word' id='word_1_576' title='bbox 961 4109 1007 4161; x_wconf 94' lang='lat' dir='ltr'><strong>pro</strong></span> <span class='ocrx_word' id='word_1_577' title='bbox 1027 4097 1075 4148; x_wconf 83' lang='lat' dir='ltr'><strong>aut</strong></span> <span class='ocrx_word' id='word_1_578' title='bbox 1090 4125 1123 4133; x_wconf 91' lang='lat'>—</span> <span class='ocrx_word' id='word_1_579' title='bbox 1139 4098 1200 4165; x_wconf 84' lang='lat' dir='ltr'><strong>out,</strong></span> <span class='ocrx_word' id='word_1_580' title='bbox 1229 4096 1281 4151; x_wconf 90' lang='lat' dir='ltr'><strong>ad-</strong></span> 
     </span>
     <span class='ocr_line' id='line_1_54' title="bbox 126 4161 1308 4242; baseline -0.008 -14"><span class='ocrx_word' id='word_1_581' title='bbox 126 4180 222 4241; x_wconf 91' lang='lat' dir='ltr'><strong>monet,</strong></span> <span class='ocrx_word' id='word_1_582' title='bbox 241 4176 347 4229; x_wconf 89' lang='lat' dir='ltr'><strong>alteram</strong></span> <span class='ocrx_word' id='word_1_583' title='bbox 366 4171 521 4225; x_wconf 90' lang='lat' dir='ltr'><strong>Particulam</strong></span> <span class='ocrx_word' id='word_1_584' title='bbox 535 4169 607 4223; x_wconf 86' lang='lat' dir='ltr'><strong>haud</strong></span> <span class='ocrx_word' id='word_1_585' title='bbox 619 4181 676 4220; x_wconf 91' lang='lat' dir='ltr'><strong>raro</strong></span> <span class='ocrx_word' id='word_1_586' title='bbox 692 4166 782 4229; x_wconf 87' lang='lat' dir='ltr'><strong>omitti,</strong></span> <span class='ocrx_word' id='word_1_587' title='bbox 800 4176 825 4214; x_wconf 93' lang='lat' dir='ltr'><strong>v.</strong></span> <span class='ocrx_word' id='word_1_588' title='bbox 845 4175 869 4213; x_wconf 93' lang='lat' dir='ltr'><strong>c.</strong></span> <span class='ocrx_word' id='word_1_589' title='bbox 888 4161 957 4227; x_wconf 90' lang='lat' dir='ltr'><strong>apud</strong></span> <span class='ocrx_word' id='word_1_590' title='bbox 975 4162 1050 4229; x_wconf 89' lang='lat' dir='ltr'><strong>Prop.</strong></span> <span class='ocrx_word' id='word_1_591' title='bbox 1070 4163 1103 4230; x_wconf 89' lang='grc' dir='ltr'><strong>ΙΙ,</strong></span> <span class='ocrx_word' id='word_1_592' title='bbox 1120 4163 1191 4242; x_wconf 39' lang='grc'><strong>8,,8.</strong></span> <span class='ocrx_word' id='word_1_593' title='bbox 1216 4162 1308 4219; x_wconf 72' lang='lat' dir='ltr'><strong>vro--</strong></span> 
     </span>
     <span class='ocr_line' id='line_1_55' title="bbox 126 4228 1282 4308; baseline -0.01 -12"><span class='ocrx_word' id='word_1_594' title='bbox 126 4243 202 4308; x_wconf 78' lang='lat' dir='ltr'><strong>certo,</strong></span> <span class='ocrx_word' id='word_1_595' title='bbox 221 4242 363 4296; x_wconf 80' lang='lat' dir='ltr'><strong>calcinato</strong></span> <span class='ocrx_word' id='word_1_596' title='bbox 372 4257 381 4304; x_wconf 91' lang='lat'><em>;</em></span> <span class='ocrx_word' id='word_1_597' title='bbox 400 4241 466 4292; x_wconf 84' lang='lat' dir='ltr'><strong>tace</strong></span> <span class='ocrx_word' id='word_1_598' title='bbox 484 4239 512 4291; x_wconf 85' lang='lat' dir='ltr'><strong>io</strong></span> <span class='ocrx_word' id='word_1_599' title='bbox 529 4251 621 4292; x_wconf 86' lang='lat' dir='ltr'><strong>amore</strong></span> <span class='ocrx_word' id='word_1_600' title='bbox 637 4236 697 4287; x_wconf 86' lang='lat' dir='ltr'><strong>roto</strong></span> <span class='ocrx_word' id='word_1_601' title='bbox 715 4234 762 4284; x_wconf 86' lang='lat' dir='ltr'><strong>est.</strong></span> <span class='ocrx_word' id='word_1_602' title='bbox 797 4228 855 4282; x_wconf 91' lang='lat' dir='ltr'><strong>Non</strong></span> <span class='ocrx_word' id='word_1_603' title='bbox 872 4232 957 4283; x_wconf 92' lang='lat' dir='ltr'><strong>tamen</strong></span> <span class='ocrx_word' id='word_1_604' title='bbox 976 4243 1082 4296; x_wconf 87' lang='lat' dir='ltr'><strong>prorsus</strong></span> <span class='ocrx_word' id='word_1_605' title='bbox 1102 4231 1212 4297; x_wconf 92' lang='lat' dir='ltr'><strong>pennde</strong></span> <span class='ocrx_word' id='word_1_606' title='bbox 1231 4238 1282 4301; x_wconf 89' lang='lat' dir='ltr'><strong>est,</strong></span> 
     </span>
     <span class='ocr_line' id='line_1_56' title="bbox 125 4295 1282 4378; baseline -0.006 -14"><span class='ocrx_word' id='word_1_607' title='bbox 125 4317 209 4364; x_wconf 88' lang='lat' dir='ltr'><strong>ntrnnr</strong></span> <span class='ocrx_word' id='word_1_608' title='bbox 225 4312 419 4378; x_wconf 85' lang='lat' dir='ltr'><strong>semelponas,</strong></span> <span class='ocrx_word' id='word_1_609' title='bbox 437 4321 469 4360; x_wconf 88' lang='lat' dir='ltr'><strong>en</strong></span> <span class='ocrx_word' id='word_1_610' title='bbox 487 4308 606 4373; x_wconf 83' lang='lat' dir='ltr'><strong>gemines</strong></span> <span class='ocrx_word' id='word_1_611' title='bbox 623 4299 785 4356; x_wconf 83' lang='lat' dir='ltr'><strong>Pannoniam</strong></span> <span class='ocrx_word' id='word_1_612' title='bbox 821 4297 873 4373; x_wconf 73' lang='lat' dir='ltr'><strong>Per</strong></span> <span class='ocrx_word' id='word_1_613' title='bbox 891 4295 987 4373; x_wconf 84' lang='lat' dir='ltr'><strong>duplex</strong></span> <span class='ocrx_word' id='word_1_614' title='bbox 1004 4298 1139 4375; x_wconf 73' lang='lat' dir='ltr'><strong>animant</strong></span> <span class='ocrx_word' id='word_1_615' title='bbox 1153 4297 1224 4376; x_wconf 87' lang='lat' dir='ltr'><strong>duae</strong></span> <span class='ocrx_word' id='word_1_616' title='bbox 1237 4314 1282 4357; x_wconf 84' lang='lat' dir='ltr'><strong>rea</strong></span> 
     </span>
     <span class='ocr_line' id='line_1_57' title="bbox 127 4368 1280 4445; baseline 0.002 -14"><span class='ocrx_word' id='word_1_617' title='bbox 127 4379 247 4434; x_wconf 86' lang='lat' dir='ltr'><strong>diversae</strong></span> <span class='ocrx_word' id='word_1_618' title='bbox 273 4380 309 4431; x_wconf 89' lang='lat' dir='ltr'><strong>ita</strong></span> <span class='ocrx_word' id='word_1_619' title='bbox 327 4373 530 4443; x_wconf 73' lang='lat' dir='ltr'><strong>coninnptlntur,</strong></span> <span class='ocrx_word' id='word_1_620' title='bbox 558 4378 587 4427; x_wconf 93' lang='lat' dir='ltr'><strong>ut</strong></span> <span class='ocrx_word' id='word_1_621' title='bbox 606 4382 691 4436; x_wconf 87' lang='lat' dir='ltr'><strong>aequa</strong></span> <span class='ocrx_word' id='word_1_622' title='bbox 710 4369 744 4420; x_wconf 89' lang='lat' dir='ltr'><strong>sit</strong></span> <span class='ocrx_word' id='word_1_623' title='bbox 762 4369 935 4432; x_wconf 75' lang='lat' dir='ltr'><strong>⁰i³P⁰S¹l¹⁰¹l¹⁸</strong></span> <span class='ocrx_word' id='word_1_624' title='bbox 954 4369 1029 4442; x_wconf 66' lang='grc'><strong>1111111</strong></span> <span class='ocrx_word' id='word_1_625' title='bbox 1061 4368 1280 4445; x_wconf 59' lang='grc'><strong>1111112111101</strong></span> 
     </span>
     <span class='ocr_line' id='line_1_58' title="bbox 37 4429 1280 4514; baseline -0.006 -17"><span class='ocrx_word' id='word_1_626' title='bbox 37 4500 42 4509; x_wconf 66' lang='grc'><strong>,</strong></span> <span class='ocrx_word' id='word_1_627' title='bbox 125 4446 196 4502; x_wconf 83' lang='lat' dir='ltr'><strong>idern</strong></span> <span class='ocrx_word' id='word_1_628' title='bbox 212 4438 435 4514; x_wconf 79' lang='lat' dir='ltr'><strong>pondus,&#39;eadem</strong></span> <span class='ocrx_word' id='word_1_629' title='bbox 452 4440 650 4504; x_wconf 86' lang='lat' dir='ltr'><strong>vis.trihuatur;</strong></span> <span class='ocrx_word' id='word_1_630' title='bbox 675 4435 719 4489; x_wconf 90' lang='lat' dir='ltr'><strong>ubi</strong></span> <span class='ocrx_word' id='word_1_631' title='bbox 739 4446 801 4490; x_wconf 86' lang='lat' dir='ltr'><strong>nero</strong></span> <span class='ocrx_word' id='word_1_632' title='bbox 819 4429 902 4486; x_wconf 91' lang='lat' dir='ltr'><strong>semel</strong></span> <span class='ocrx_word' id='word_1_633' title='bbox 921 4435 1032 4497; x_wconf 84' lang='lat' dir='ltr'><strong>positum</strong></span> <span class='ocrx_word' id='word_1_634' title='bbox 1052 4432 1161 4500; x_wconf 81' lang='lat' dir='ltr'><strong>legitur,</strong></span> <span class='ocrx_word' id='word_1_635' title='bbox 1187 4435 1280 4503; x_wconf 82' lang='lat' dir='ltr'><strong>iniqua</strong></span> 
     </span>
    </p>
   </div>
   <div class='ocr_carea' id='block_1_4' title="bbox 0 0 1342 4950">
    <p class='ocr_par' dir='ltr' id='par_1_4' title="bbox 0 0 1342 4950">
     <span class='ocr_line' id='line_1_59' title="bbox 0 0 1342 4950; baseline 0 7"><span class='ocrx_word' id='word_1_636' title='bbox 0 0 1342 4950; x_wconf 95' lang='lat' dir='ltr'><strong> </strong></span> 
     </span>
    </p>
   </div>
  </div>
 </body>
</html>
