2676 4950
148 293 219 361 ive
537 296 568 355 P·
589 296 733 358 VIRGPLH
754 295 914 357 musonis

150 467 185 525 Ei
206 464 320 524 diversa
341 478 426 521 ruens
448 463 557 536 septem
580 460 714 522 discurrit
735 466 764 521 in
785 479 836 522 ora

150 548 246 623 Usque
269 547 404 605 coloratis
427 548 515 602 amuis
538 543 665 604 devexus
686 546 722 603 ab
747 546 834 619 ludis,

150 630 186 691 m
205 629 327 689 viridem
348 630 509 703 Aegyptum
530 630 611 701 nigra
631 628 766 689 secundat
786 644 889 700 areum

153 788 364 809 ffl-

148 884 563 1020 nieititiitutetteii
581 883 719 1006 ¹¹'iiiiii
736 886 948 1019 Pte-{iiiii
968 885 1289 1021 Peristerides

148 1022 208 1089 prio
224 1019 278 1073 dici
296 1020 379 1085 solet,
398 1020 457 1085 quis
475 989 624 1070 Parthorum
644 1018 777 1085 pharetras
795 1020 935 1086 ignorati“
953 992 992 1072 ’ii
1013 1046 1042 1059 —
1068 1035 1179 1089 usquc
1194 1022 1232 1075 od
1247 1022 1291 1074 in·

148 1086 206 1141 diu
222 1084 384 1141 colorati
391 1099 413 1151 s,
431 1084 493 1138 iude
513 1084 545 1137 ab
558 1084 732 1152 Aethiopibus
750 1087 816 1150 (rid.
827 1087 892 1141 Gee.
906 1087 938 1153 il,
951 1088 1033 1153 itii),
1053 1091 1097 1155 qui
1118 1089 1231 1155 cotornti,
1247 1091 1290 1142 ie

148 1153 227 1221 nigri,
243 1158 377 1219 vocentur,
395 1155 423 1203 ut
441 1151 532 1204 Claud.
551 1150 653 1204 Stiiicir.
672 1152 691 1217 i,
709 1153 767 1207 264.
785 1154 919 1205 coloratus
935 1153 1065 1220 Memnon,
1086 1154 1192 1210 Nemes.
1210 1154 1291 1222 Cpneg.

147 1220 208 1277 261.
229 1221 364 1273 coloratus
380 1218 489 1284 dinnao,
509 1217 585 1270 Ouid.
604 1220 661 1271 Am.
676 1218 694 1282 l,
714 1221 754 1287 ii,
773 1221 798 1275 6.
817 1221 929 1272 colorati
946 1219 1028 1273 Seres
1049 1228 1101 1276 ete.
1138 1222 1177 1276 Gi.
1197 1222 1292 1275 Gronor.

147 1286 228 1340 Diatr.
248 1289 274 1339 in
295 1285 358 1339 Stat
380 1298 403 1338 e.
425 1286 463 1340 it]-
483 1299 497 1337 a
516 1284 601 1337 Burin.
627 1285 696 1339 iaud.
726 1312 757 1325 -
782 1288 971 1353 „devemus
996 1287 1172 1359 καιαφερής,
1199 1303 1229 1343 ex
1246 1289 1293 1341 attis

148 1353 288 1419 montibus,
308 1352 418 1420 proclivi
440 1352 569 1405 descensu
588 1354 614 1404 in
633 1354 774 1419 planiciem
792 1354 852 1407 dum
869 1352 992 1419 defertur,
1010 1369 1119 1423 pronus,
1138 1354 1295 1422 secundat

146 1420 330 1489 Aepyptnn
348 1419 495 1471 viridem
513 1418 582 1472 laeto
602 1433 721 1484 agrorum
759 1426 876 1486 rorentu,
902 1422 1009 1487 cipro
1026 1436 1149 1489 oreon,
1166 1438 1212 1490 pro
1229 1423 1293 1485 iimo,

148 1494 190 1542 est
208 1487 294 1555 poe'tis
312 1486 397 1554 simpi.
415 1486 499 1564 seium
517 1491 558 1548 tut
579 1485 644 1539 Geo.
663 1486 688 1553 i,
709 1436 765 1543 idg.
801 1487 897 1540 Lucan.
919 1488 951 1547 ii,
969 1489 1028 1543 tii.
1049 1489 1074 1540 si
1092 1503 1149 1541 noro
1165 1504 1214 1556 per
1226 1490 1293 1555 pium

147 1554 265 1607 iacentes
288 1553 394 1621 Aepypn
409 1552 520 1621 erycos
537 1550 612 1604 Nilus
630 1556 766 1631 stupueret
789 1555 917 1607 eronus.“
934 1554 965 1607 ii.
1001 1556 1047 1607 Sic
1065 1555 1144 1623 Prop.
1163 1557 1203 1623 iii,
1220 1560 1243 1621 t,
1259 1556 1292 1611 et

147 1620 177 1685 (a
195 1620 270 1674 Voss.
295 1621 381 1686 laud.)
406 1623 529 1687 pinguem
555 1619 693 1686 Euphratis
719 1623 800 1688 ripam
825 1622 929 1687 otiorum
953 1636 1065 1675 arenam
1089 1629 1176 1676 vocat.
1209 1623 1293 1690 „igitur

146 1693 215 1740 totus
234 1688 308 1740 iocus
326 1686 377 1739 iruc
394 1686 476 1741 redit:
495 1686 545 1739 Per
561 1691 642 1739 totam
660 1688 816 1755 Aegyptum,
836 1703 914 1755 quum
935 1691 962 1741 in
976 1689 1137 1743 occidentali
1149 1690 1293 1744 iaierecireu
1334 1691 1336 1709 ¹

147 1752 298 1822 Canopum,
317 1768 368 1823 pon
385 1754 464 1819 longe
482 1752 513 1805 ab
533 1753 704 1817 Alexandria,
723 1761 776 1807 tum
794 1757 821 1806 in
838 1757 975 1820 orientati,
999 1769 1093 1810 versus
1112 1755 1179 1811 iines
1198 1756 1293 1809 Parthici
1334 1796 1336 1803 .

55 1844 59 1849 ·
146 1822 264 1889 imperii,
290 1825 317 1875 et
339 1835 386 1888 per
407 1826 487 1873 tutam
511 1819 662 1874 interiorem
687 1820 833 1887 Aegyptum
863 1822 982 1886 (nomino
1009 1822 1103 1876 [tettae
1130 1823 1293 1887 ceiebrataut,
1334 1828 1336 1835 '

147 1890 256 1940 ornnr's
281 1889 394 1955 rapio,
423 1893 477 1940 tota
495 1901 576 1953 gens,
594 1888 682 1940 iecit
697 1888 844 1941 solutam
862 1893 1009 1957 eertum,
1031 1891 1108 1967 ponit
1125 1891 1215 1943 salutis
1231 1904 1292 1957 spem

147 1969 178 2008 ac
196 1955 331 2022 tiducram,
355 1956 389 2007 in
414 1955 479 2007 troo
498 1957 589 2021 orte,
611 1955 749 2020 reparandi
773 1968 836 2022 apes
861 1969 894 2009 ex
921 1956 999 2009 houm
1016 1957 1176 2010 uisceribus.
1209 1956 1293 2009 Locuu

144 2024 341 2075 vexatissimum
359 2022 451 2076 videor
469 2021 531 2073 mitri
556 2022 595 2073 sic
615 2024 678 2074 satis
696 2022 834 2076 commode
858 2024 1022 2090 interpretari
1042 2036 1132 2090 posse.
1167 2023 1200 2076 m
1215 2026 1237 2077 si
1253 2026 1292 2075 iau

146 2088 180 2142 de
200 2090 257 2156 ipsa
275 2092 404 2144 sententia
425 2094 451 2143 et
471 2088 576 2156 poetica
594 2090 694 2142 ratione
711 2087 838 2141 iudicium
857 2088 991 2144 terendum
1012 2096 1063 2155 est,
1081 2090 1181 2155 Virgilii
1199 2103 1293 2143 acumen

146 2161 173 2209 et
190 2157 376 2210 uerecundiam
397 2156 547 2209 desiderare
569 2155 629 2207 mihi
649 2155 749 2210 videor.
784 2154 848 2208 Nam
867 2162 895 2210 et
911 2159 988 2209 nitriis
998 2163 1130 2224 protracta
1149 2164 1175 2210 et
1184 2158 1293 2224 impedita

145 2222 223 2288 friget
241 2225 341 2291 oratio,
361 2229 388 2277 et
404 2224 492 2290 pantio
511 2224 624 2275 ieiunius
642 2221 692 2274 Niii
711 2227 801 2275 natura
818 2222 858 2276 eis
877 2224 1048 2283 describiturs
1073 2237 1229 2290 quamquam
1245 2227 1292 2277 sin-

144 2290 338 2356 gula-membra
356 2303 403 2341 suo
423 2296 513 2341 ornatu
531 2302 562 2340 ac
580 2290 677 2342 iumine
697 2288 798 2356 iuigero
816 2288 894 2345 iaciie
911 2293 1005 2344 sentio.
1029 2290 1150 2343 Praestat
1168 2306 1228 2345 vero
1245 2304 1292 2343 cuu

145 2355 205 2408 cod.
232 2355 346 2408 Romano
373 2357 413 2420 [et
436 2354 511 2408 Hain.
536 2355 574 2418 2.]
599 2356 717 2409 ordinem
740 2370 862 2409 versuum
886 2358 923 2410 ita
947 2363 1064 2411 mutare:
1100 2356 1135 2408 Et
1150 2359 1293 2410 diverso-

148 2421 232 2489 Uspue
256 2423 380 2475 cotorntis·
398 2451 429 2460 -
453 2421 488 2473 Et
508 2422 616 2474 oira'dem
642 2425 732 2490 [quem
750 2422 825 2476 Voss.
850 2430 877 2476 et
893 2421 964 2477 ialin.
983 2430 1155 2489 revocarunt,
1179 2425 1293 2478 suadente

144 2491 223 2541 etiam
247 2489 396 2542 Weicirerto
422 2489 454 2542 de
480 2502 560 2542 verss.
582 2491 657 2542 iniur.
684 2504 755 2558 susp.
773 2504 800 2556 p.
820 2490 907 2554 109.];
931 2495 976 2543 aui
999 2504 1058 2543 cum
1088 2490 1186 2544 Medic.
1213 2488 1292 2557 [dud]

144 2556 256 2621 aiiisque
284 2555 459 2621 corruptoribus
484 2557 533 2607 ita:
561 2555 594 2608 Et
619 2558 725 2609 dimerso
742 2586 773 2597 -
791 2556 825 2608 Et
840 2558 947 2609 viridem
964 2586 997 2594 —
1019 2556 1053 2607 Us
1089 2571 1112 2609 e.
1149 2558 1213 2610 Nam
1237 2560 1293 2610 niuno

144 2622 359 2688 quidcmuersus
379 2621 587 2687 Eieirirmm-
607 2638 692 2675 creua
711 2627 799 2689 inopie
821 2626 920 2690 positus
945 2624 1013 2678 est.“
1064 2663 1070 2675 .
1108 2625 1293 2693 Wagn,quuu

142 2704 233 2755 parum
253 2695 311 2756 apte
330 2692 442 2742 misertus
461 2691 495 2741 sit
512 2705 605 2743 uersus
625 2690 657 2741 Et
673 2691 779 2742 diverso
798 2705 878 2743 orrens
899 2699 959 2749 etc,
985 2705 1071 2758 neque
1094 2694 1201 2758 probari
1221 2694 1294 2760 possit

142 2759 219 2809 nimis
245 2758 329 2822 ampla
358 2762 384 2810 et
410 2756 520 2810 uerbosa
545 2757 596 2809 Niii
622 2757 762 2824 descriptio
791 2761 877 2825 posito
897 2761 980 2826 ipsius
999 2757 1049 2809 Niti
1067 2773 1092 2809 r.
1113 2760 1173 2814 288.
1194 2761 1294 2821 nomine,

142 2839 234 2878 uersus
253 2824 415 2881 aet—293,
441 2826 484 2890 qui
506 2826 625 2887 teguntur
650 2828 675 2876 in
701 2825 820 2878 omniirus
846 2825 944 2892 codd,
969 2826 1052 2878 rideri
1078 2827 1187 2892 quidem
1205 2825 1294 2891 Virgiiii

143 2905 203 2945 esse
224 2898 329 2956 censet,
350 2891 398 2944 sed
419 2893 526 2957 margini
547 2892 647 2944 codicis
667 2892 776 2945 tortasse
795 2892 827 2945 ab
845 2895 904 2960 ipso
924 2893 1016 2947 aiiites,
1031 2898 1075 2944 aut
1095 2895 1183 2959 potius
1196 2908 1228 2946 er
1245 2895 1294 2944 aliis

143 2960 200 3012 eius
219 2958 390 3024 carminibus,
419 2958 562 3024 deperditis
587 2959 640 3011 iliis
665 2959 785 3025 uiridem,
812 2959 949 3027 abaliquo
973 2960 1135 3027 adscriptos,
1157 2967 1184 3012 et
1201 2960 1258 3011 irinc
1273 2961 1295 3009 iu

143 3033 290 3079 contextum
309 3027 441 3091 invectos;
469 3040 546 3091 quiam
564 3028 715 3092 opinionem
734 3028 827 3091 tripiex
846 3025 970 3078 Codicum
989 3029 1057 3078 iuter
1076 3039 1108 3079 se
1129 3027 1295 3094 discrepantia

143 3094 168 3143 iu
198 3092 358 3144 coiiecaudis
384 3092 423 3143 iris
443 3092 561 3145 versibus
588 3092 696 3145 miriiice
723 3094 837 3145 adiuret.
873 3093 969 3146 Haeret
992 3106 1068 3159 porro
1089 3092 1295 3146 vindedissit

142 3160 266 3226 epithetis
284 3159 376 3210 viridis
402 3165 428 3211 ei
445 3160 536 3225 cipro,
558 3166 583 3212 et
604 3161 628 3210 in
647 3160 755 3213 Perside
775 3161 894 3226 Aegypto
912 3162 1012 3218 vicina;
1039 3172 1121 3225 quum
1141 3175 1192 3214 nec
1208 3160 1294 3221 Partiri,

142 3228 186 3291 qui
205 3240 286 3292 saepe
312 3240 327 3277 a
352 3225 438 3290 poe'tis
457 3225 552 3279 Persae
572 3233 711 3292 vocemur,
736 3229 762 3277 in
786 3226 904 3279 coutiniis
921 3226 1016 3293 Auypti
1036 3225 1156 3280 habitare
1175 3230 1232 3281 ime
1250 3227 1295 3278 diei

141 3297 250 3358 possint,
270 3291 416 3349 statuebas,
436 3293 468 3345 de
480 3292 574 3358 quibus
585 3293 659 3345 Voss.
679 3296 785 3358 cogitet,
804 3294 938 3346 Persarum
955 3294 1061 3346 nomine
1078 3308 1209 3360 nusquam
1227 3308 1295 3346 com-

140 3359 341 3477 Brehendaniur.
379 3360 464 3421 Quare
482 3361 539 3426 ipse
557 3360 672 3413 Persidis
690 3364 794 3414 nourine
816 3375 923 3425 reguum
941 3359 1086 3412 Parthicum
1115 3361 1212 3426 hisque
1238 3375 1295 3413 rer-

158 3428 181 3478 is
198 3428 299 3496 Syriam
317 3441 332 3478 a
349 3425 457 3492 Virgiiio
478 3426 619 3491 signiticari
639 3433 744 3491 censet,
771 3441 863 3480 versus
882 3426 1144 3482 autem291-293.
1163 3440 1295 3493 prorsuse

141 3501 262 3547 contextu
285 3494 398 3560 caputii,
427 3493 497 3560 quod
517 3494 578 3545 nritri
599 3495 705 3560 quidem
731 3495 817 3562 pauiie
843 3493 968 3546 audacius
991 3493 1095 3548 videtur
1114 3496 1226 3558 i'actum;
1251 3495 1294 3547 etsi

140 3563 342 3627 transpositione
361 3574 450 3614 eorum
469 3561 494 3610 in
514 3560 595 3612 Codd.
615 3560 691 3612 obvia
711 3567 737 3614 et
755 3563 832 3612 niruia
857 3561 968 3627 quadam
986 3562 1127 3627 minusque
1146 3568 1220 3627 graia
1238 3574 1293 3614 ora-

140 3630 218 3680 tionis
246 3628 365 3681 ubertate
392 3628 570 3692 suspicionem
598 3628 710 3693 aliquam
734 3630 831 3681 moveri
858 3641 909 3679 nen
933 3631 1094 3692 negaverim.
1139 3630 1167 3681 in
1195 3627 1293 3682 Perside

140 3700 226 3748 autem
246 3695 364 3760 Aegypto
382 3695 468 3744 vicina
486 3696 598 3745 erirnium
617 3696 722 3748 minime
740 3694 899 3747 haerendum
917 3708 976 3747 esse
1003 3701 1075 3761 pute,
1095 3708 1176 3761 quum
1195 3707 1293 3761 regnum

139 3760 271 3814 Persicum
291 3762 322 3812 air
342 3760 405 3812 indo
422 3761 483 3811 oiim
502 3775 585 3827 usque
606 3760 636 3812 ad
656 3761 741 3813 Nilum
760 3763 918 3828 pertinuisse
937 3768 1045 3827 constet,
1067 3767 1094 3815 et
1114 3762 1221 3816 Roruaui
1240 3761 1292 3813 Vir-

139 3827 195 3890 giiii
214 3834 331 3894 tempore
349 3840 440 3880 omnes
461 3830 540 3881 Asiae
559 3834 641 3880 terras
663 3829 729 3881 nitra
748 3828 822 3894 Syria
843 3830 968 3882 orientem
992 3828 1186 3896 meridiemque
1211 3840 1292 3883 versus

139 3892 203 3944 sitas
222 3896 349 3945 communi
369 3900 413 3945 aut
431 3894 545 3948 Persidis
566 3910 585 3947 s.
605 3894 724 3961 Mediae,
749 3902 792 3946 aut
818 3894 908 3947 Indiae
933 3897 1036 3948 nemine
1063 3896 1214 3960 significare
1235 3909 1321 3970 con-0

139 3962 280 4013 sueverint.
316 3960 521 4029 itaqueeetipui
548 3962 596 4014 iros
616 3976 721 4027 versus,
748 3968 844 4014 mutato
870 3968 955 4014 tamen
979 3962 1011 4014 ad
1036 3961 1134 4015 Medic.
1154 3964 1290 4030 exemptum

137 4025 237 4087 vuluari
256 4039 344 4078 eorum
364 4028 464 4080 ordine.
499 4027 565 4082 Vide
587 4031 671 4094 etiam,
690 4043 757 4094 qnae
776 4028 850 4081 Indu.
870 4029 975 4095 adiecit,
994 4034 1028 4080 ut·
1040 4028 1088 4080 ires
1107 4044 1216 4093 versus,
1233 4041 1289 4096 quos

139 4093 242 4146 omnino
271 4091 366 4145 abesse
392 4109 443 4145 non
468 4109 547 4160 posse
574 4101 601 4149 et
627 4096 658 4148 ad
687 4099 842 4149 sententiam
870 4095 1055 4148 absolvendam
1082 4098 1233 4161 necessario
1249 4108 1287 4147 re·

139 4162 205 4227 quiri
232 4164 337 4222 censet,
363 4158 523 4214 detenderet.
560 4162 729 4230 „Sententia,
748 4164 842 4229 inquii,
860 4164 940 4214 totius
958 4162 1009 4214 ioci
1028 4169 1084 4215 est:
1110 4163 1175 4215 Nam
1196 4177 1245 4228 qua
1261 4159 1286 4211 ai

137 4229 219 4281 altera
236 4230 309 4293 parte
329 4223 472 4292 Canopitae
490 4227 577 4283 Nilum
597 4230 732 4298 aeceimrt,
759 4230 790 4282 ab
817 4230 897 4282 attera
921 4234 994 4294 parte
1017 4230 1115 4283 Persae
1133 4232 1214 4283 vicini
1230 4232 1285 4288 sunt,

138 4300 165 4347 ct
190 4295 271 4347 amuis
297 4306 381 4359 usque
410 4293 441 4345 ab
467 4295 538 4349 indis
565 4296 681 4351 devexus
706 4299 732 4348 in
759 4303 860 4364 septem
886 4309 932 4347 ora
957 4296 1080 4350 discurrit
1097 4299 1284 4364 Aegyptumque

137 4360 275 4417 secundat:
303 4360 341 4415 ibi
366 4362 450 4413 omnis
474 4366 550 4428 regio
571 4365 598 4416 in
622 4363 672 4416 irae
690 4370 744 4417 arte
762 4368 861 4417 certam
879 4363 991 4418 satutem
1008 4366 1080 4418 iacit.
1118 4362 1282 4427 Quemadmo-
