2676 4950
8 374 11 385 Ι
86 289 159 361 tos
501 295 530 356 a.
554 293 698 356 vmunu
717 294 879 356 unaoms

87 463 145 523 illis
166 464 210 521 ira
231 457 343 520 modum
366 475 452 536 supra
472 464 532 534 ast,
554 459 709 535 laesaeque
730 476 871 519 venenu·

87 544 230 604 llorsiltus
252 546 405 618 inspirant,
430 547 459 601 ιι
480 543 590 619 spicula
611 559 699 601 caeca
721 544 886 617 relinquunt
922 598 929 609 ‚

88 627 207 687 ttdttxaa
231 628 326 699 venis,
356 630 522 701 animasque
543 628 572 684 in
594 626 712 684 volnera
735 631 852 700 ponunt.

90 883 198 938 Seruius
218 883 342 949 cogitarit
371 881 568 946 intelligendum
587 895 648 935 esse
669 883 767 934 statuit.
803 881 867 936 Eius
887 884 956 937 enim
975 886 1061 937 ortum
1079 887 1240 953 vespertinam

90 964 170 1017 super
188 950 324 1003 horizonte
344 922 435 1003 ltaiico
454 948 616 1015 praecedere
633 963 756 1001 occasum
776 952 926 1003 matutinum
945 952 1062 1005 Pleiadis
1081 956 1164 1019 spatio
1182 960 1240 1009 tem-

89 1020 163 1086 paris
188 1016 257 1071 lraud
282 1016 420 1069 admodum
446 1016 541 1082 longo,
569 1023 596 1068 ut
619 1015 705 1069 Pleias
731 1020 855 1071 matutine
880 1017 1007 1072 occidens
1026 1019 1130 1073 Piscem
1158 1022 1241 1073 uotiua

90 1086 242 1151 vespertino
267 1090 324 1138 ortu
347 1086 476 1137 orientem
500 1082 591 1149 lugere
617 1082 669 1134 dici
693 1089 781 1149 queat.
815 1084 899 1137 Simul
917 1086 1060 1140 ostendere
1080 1094 1187 1139 conatus
1201 1092 1241 1147 est,

91 1151 194 1205 Piscem
218 1152 317 1203 notium
341 1150 410 1203 nude
428 1148 527 1202 Piscem
551 1150 725 1216 appeliatum,
752 1152 863 1218 eiusque
883 1154 908 1203 in
929 1151 1168 1217 significationibus
1184 1160 1242 1206 ten-

91 1224 223 1286 pestatum
254 1220 382 1271 rationem
406 1215 531 1271 habuisse
557 1224 670 1270 veteres.
716 1216 810 1270 Contra
835 1217 902 1270 hano
928 1220 1082 1284 opinionem
1114 1222 1141 1272 iu
1165 1220 1242 1273 ιιιιιιι

94 1283 215 1350 (Munati.
238 1283 364 1351 Correep.
389 1284 556 1353 inrumpo.
575 1282 647 1336 Zocd
665 1283 800 1336 Deccmdr.
823 1285 896 1340 1813.
927 1300 952 1353 p.
971 1287 1022 1343 ott
1040 1287 1116 1353 sqq.)
1134 1291 1243 1340 acuteet

92 1366 154 1406 rere
188 1352 329 1419 disputavit
349 1352 388 1402 vir
414 1352 590 1416 praestantiss.
630 1348 728 1415 Idcler,
756 1351 868 1417 docens,
901 1356 1021 1418 tempore
1044 1352 1147 1419 Virgilii
1172 1358 1243 1407 ortua

92 1419 176 1472 Piscis
194 1421 370 1487 vespertinum
395 1418 525 1471 risibilem
552 1419 577 1469 in
596 1417 666 1470 diem
685 1417 729 1469 lli.
749 1423 809 1472 anta
829 1417 884 1471 Cal.
904 1418 987 1486 Sept,
1006 1426 1034 1473 et
1052 1434 1176 1473 occasum
1193 1434 1242 1473 nra-

92 1488 201 1539 tutinum
225 1486 355 1539 risibilem
379 1484 513 1538 Pleiadum
537 1486 564 1535 in
591 1484 661 1538 diem
688 1483 777 1537 xviii.
804 1491 863 1539 auto
889 1485 944 1538 Cal.
964 1486 1028 1540 ttac.
1047 1486 1191 1551 incidisse;
1214 1489 1243 1538 ιιι

91 1566 171 1618 rero,
196 1566 275 1621 quum
299 1553 406 1606 alterius
430 1565 541 1604 occasus
566 1551 597 1603 ab
623 1558 679 1604 ortu
699 1552 806 1605 atterius
825 1551 927 1605 duobus
946 1553 1081 1606 mensibus
1101 1561 1127 1607 et
1145 1553 1243 1606 dimidio

94 1619 187 1684 distet,
216 1621 348 1673 notionem
365 1618 439 1673 verbi
457 1614 550 1685 [opere
567 1619 678 1671 alienam
698 1632 776 1683 esse3
808 1632 894 1686 neque
918 1625 1023 1674 ueteres
1041 1620 1126 1673 Piscis
1147 1623 1207 1674 uotii
1223 1623 1243 1671 iu

91 1684 312 1754 παραπήγμασιν
328 1688 455 1739 rationem
474 1685 571 1738 labere
589 1688 716 1803 potuisse.
752 1685 812 1753 lpse
832 1686 947 1753 denique
958 1689 1108 1755 acquiescit
1121 1693 1147 1742 et
1158 1702 1242 1741 assen-

95 1756 156 1808 titur
172 1756 227 1807 riro
246 1753 323 1806 docto
345 1750 465 1816 Costurd,
485 1755 529 1819 qui
549 1754 575 1804 in
605 1752 660 1805 iltru
679 1752 780 1820 ilistorq
798 1751 828 1805 ol
842 1754 998 1818 Astronomq
1021 1769 1051 1821 p.
1072 1756 1114 1809 90.
1141 1756 1244 1808 coniecit

92 1820 144 1874 Aut
167 1821 259 1874 eodem
283 1820 357 1873 cidus
379 1816 481 1886 papiens
507 1817 614 1871 Orionis
640 1820 746 1886 aquosi,
771 1825 798 1872 ut
816 1820 893 1872 ιιιιιι
908 1834 942 1874 ιιι
960 1820 1094 1887 prioribus
1114 1829 1242 1888 repetatur.

93 1886 216 1942 Orionem
236 1890 306 1943 auirn
326 1901 454 1955 aquarium
474 1886 527 1938 dici
545 1885 611 1940 Aen.
630 1886 673 1950 lv,
689 1888 730 1941 52.
750 1884 794 1951 [cl.
814 1886 839 1951 l,
857 1888 929 1952 535.)
954 1892 1045 1954 utpote
1071 1894 1243 1954 ternpestatuu

94 1961 237 2021 auctorem,
256 1961 283 2009 et
300 1953 457 2019 Hesiodum,
476 1966 554 2020 quarn
572 1952 694 2018 Virgilius
712 1955 804 2007 crettto
823 1961 930 2007 secatus
948 1955 991 2019 sit,
1018 1955 1100 2023 'lippe
1118 1956 1176 2010 619.
1193 1956 1242 2009 ott.

93 2021 216 2076 Pleiades
240 2020 363 2075 Orionem
387 2021 516 2075 inientes
541 2018 638 2074 lacere.
674 2020 758 2083 Quum
782 2027 869 2075 autern
893 2018 975 2074 tribus
999 2022 1110 2087 syllabis
1133 2022 1243 2075 vocabuli

93 2087 174 2142 Orion
191 2089 344 2157 plerumque
362 2036 497 2155 productis
525 2093 633 2141 metmm
658 2088 860 2154 periclitaretur,
893 2086 1063 2140 Buttmanuus
1083 2088 1116 2141 alt
1134 2102 1168 2143 ιο
1185 2102 1243 2141 ιιι-

93 2156 177 2209 saltus
202 2157 292 2209 docuit
316 2170 340 2221 p.
359 2156 410 2210 548
426 2157 498 2210 -51.
535 2152 616 2206 Orion
640 2155 677 2206 ita
701 2161 851 2221 usurpatum
874 2152 988 2221 Latinis,
1011 2161 1038 2206 ut
1065 2155 1145 2208 modo
1164 2159 1243 2224 prinu,

93 2223 173 2276 modo
191 2223 280 2275 ultima
301 2224 489 2288 corriperetur,
517 2227 544 2275 at
562 2221 669 2274 Graecis
685 2220 786 2288 (Eurip.
807 2220 861 2274 lon.
885 2221 959 2275 1153.
985 2220 1057 2287 Cyni.
1079 2224 1153 2284 212.)
1174 2224 1244 2277 etiam

94 2290 182 2345 madia
200 2294 333 2356 correpta;
352 2291 440 2355 itaqua
461 2287 518 2340 lieri
535 2290 661 2355 potuisse,
681 2294 708 2340 ut
725 2289 814 2340 atridas
831 2289 932 2355 priores
954 2290 1113 2355 corripuerit
1121 2289 1243 2357 Wrgilius.

93 2355 150 2410 Neu
168 2363 253 2409 tamea
272 2355 400 2408 correctio
419 2354 464 2406 illa
481 2366 617 2408 assensum
635 2355 694 2407 tulit
712 2354 870 2419 Buttmanni,
896 2356 941 2421 qui
967 2368 989 2421 p.
1009 2357 1069 2408 551.
1101 2359 1127 2408 ιι
1144 2364 1244 2412 seuten-

93 2424 155 2474 tiam
172 2420 258 2474 Vossti
277 2422 416 2485 concessit,
436 2420 468 2472 ad
487 2433 563 2486 quarn
582 2428 609 2475 ιι
629 2434 712 2474 meam
729 2424 854 2475 rationem
865 2420 920 2476 lare
931 2420 1062 2476 accedere
1077 2424 1158 2478 video
1184 2436 1244 2491 quta

94 2487 162 2543 haec
179 2492 233 2541 est:
252 2486 354 2553 Pleias,
376 2501 454 2553 quum
474 2487 579 2552 occidit,
605 2488 699 2541 dicitur
716 2485 819 2554 [umens
836 2488 911 2540 sidus
927 2488 954 2540 P.
973 2500 1030 2554 op,
1058 2488 1085 2541 lt.
1108 2505 1132 2544 e.
1153 2464 1245 2557 lugiens

94 2552 326 2620 tempusltiemale,
341 2567 388 2606 seu
405 2558 575 2619 tempestates
584 2553 713 2608 hibernas.
735 2545 812 2607 Sidus
821 2559 862 2608 est
876 2560 973 2608 certum
983 2556 1042 2606 anni
1054 2561 1168 2624 tempus.
1189 2558 1246 2609 lliuc

94 2622 155 2674 Pac.
175 2621 241 2672 Anu.
261 2621 281 2685 l,
299 2623 341 2674 ttt.
361 2621 434 2671 sidus
452 2621 615 2688 aequinoctii.
651 2622 825 2687 lletunpmice
850 2621 979 2686 significat
999 2627 1157 2690 temperiem
1176 2626 1245 2679 coeli.

94 2688 139 2740 Sic
157 2690 248 2754 accipe
266 2687 345 2739 verim
365 2687 439 2738 Plinii
458 2687 519 2739 Pau.
539 2702 562 2741 ι.
582 2693 621 2743 15.
640 2691 753 2755 patriam
771 2690 843 2741 sidus
861 2686 943 2755 terre.
978 2688 1011 2740 Et
1029 2704 1113 2756 proce
1131 2692 1202 2744 sidus
1218 2692 1246 2745 de

95 2761 249 2823 tempestate
271 2754 337 2805 mala
354 2753 421 2820 apud
441 2753 561 2807 Ovidium
581 2762 620 2808 est
641 2756 743 2808 iletaut.
757 2756 784 2821 V,
802 2758 859 2811 231.
895 2754 950 2806 Non
969 2756 1084 2808 alienum
1104 2772 1166 2812 vero
1184 2766 1247 2813 tern-

94 2828 211 2890 pestates
236 2820 358 2874 hibernas
383 2820 474 2872 reterri
494 2822 525 2872 ad
548 2822 650 2876 Piscem
671 2838 733 2889 seu,
752 2825 846 2885 verim,
865 2822 952 2873 Pisces
970 2822 1033 2886 [non
1051 2827 1123 2876 enim
1144 2826 1176 2880 de
1194 2829 1247 2877 sin-

113 2890 156 2942 ulo
181 2891 255 2955 pisca
282 2888 385 2939 australi
405 2891 461 2950 aui,
491 2889 899 2956 sedsinputarcmpro.Piurali
936 2892 1030 2940 ositam
1050 2904 1122 2958 esse,
1141 2893 1247 2960 utapud

95 2905 171 3010 {nin
191 2956 252 3008 liet.
270 2954 376 3031 xum·
398 2952 552 3041 Occultosque
577 2959 676 3022 repellit
699 2955 748 3008 Ver
765 2958 884 3049 trientem,
910 2904 1028 3033 licetque
1044 2959 1123 3010 Aries
1142 2960 1250 3011 sarcredit

95 3037 213 3154 ‘lilii
228 3020 440 3154 ttitttntd
454 3021 1148 3158 ii,litttttt'titttdrittenteilliciti?
1168 3034 1249 3159 llll

96 3157 129 3208 de
148 3168 227 3207 causa
245 3155 304 3205 iilos
322 3166 444 3219 oqttoooo,
465 3163 585 3209 auctores
604 3159 693 3210 irnltris
712 3163 738 3210 ιι
756 3158 927 3222 tempestatis,
946 3158 1083 3222 appellari.
1120 3160 1206 3225 [Voss.
1225 3164 1248 3211 ιι

94 3221 162 3274 hano
180 3236 234 3274 rent
252 3218 351 3272 conlert
370 3219 429 3271 lior.
449 3220 503 3272 Sat.
527 3222 546 3286 l,
567 3225 589 3287 l,
608 3226 649 3279 36.
688 3225 785 3276 Aeson.
805 3223 886 3289 Epist.
904 3222 989 3285 xxttt,
1010 3225 1066 3278 102.
1105 3225 1248 3289 Martiali,

95 3288 149 3351 51]
184 3287 217 3338 Et
233 3292 305 3339 recte
323 3285 403 3348 Plias,
429 3293 584 3354 tempestate
604 3291 712 3344 hiberna
729 3293 864 3356 ingruente
884 3304 961 3356 quum
983 3291 1098 3352 occidat,
1118 3294 1187 3344 ittam
1204 3289 1248 3360 sta*

93 3368 156 3423 pere
184 3354 236 3405 dici
262 3358 356 3417 potest.
399 3353 520 3407 Ceterum
548 3358 629 3424 Aprili
660 3372 749 3411 iriense
773 3357 875 3409 Pliadas
899 3371 931 3408 os
954 3357 1091 3408 honestum
1117 3361 1249 3411 ostendero

94 3421 253 3474 asseveranti
273 3433 304 3471 ne
324 3419 423 3472 credas.
460 3421 523 3473 Nam
541 3424 600 3476 illas
627 3439 642 3476 a
663 3425 705 3477 die
724 3424 766 3477 Vt.
792 3423 924 3476 antellal.
948 3422 1009 3474 Maii
1029 3439 1114 3491 usque
1134 3429 1164 3480 ad
1183 3428 1249 3480 diem

95 3488 178 3554 pridie
206 3485 244 3538 ld.
266 3484 321 3537 lun.
350 3487 446 3553 latere,
474 3488 551 3542 ltodic
578 3497 692 3555 constat3
722 3497 749 3546 et
774 3490 906 3544 llesiodus
924 3493 974 3542 iam
1001 3491 1060 3543 illas
1084 3494 1249 3560 quadraginta

94 3560 185 3607 noctes
205 3552 316 3620 diesque
336 3567 385 3604 non
407 3570 533 3622 apparere
554 3564 668 3610 nouerat.
684 3561 762 3626 'app
781 3559 838 3611 385.
858 3554 943 3611 6.“-
961 3557 1022 3609 Μιιι
1042 3572 1149 3626 quoque
1168 3562 1246 3613 i'ossii

94 3622 222 3675 sententia
242 3621 355 3671 omniurn
377 3625 487 3675 ιιιιιιι
501 3624 642 3689 probabilis
661 3625 771 3689 videtur,
790 3638 944 3691 quamquam
965 3625 1002 3675 liti
1023 3626 1187 3682 dirimendae
1203 3642 1248 3679 tion

93 3690 142 3741 uisi
162 3693 323 3740 astronomos
348 3687 459 3742 idoneos
485 3703 591 3742 censeo.
626 3691 779 3745 lloltueidii
804 3698 889 3743 antem
915 3691 1072 3759 disputatio,
1104 3701 1131 3747 ut
1150 3696 1247 3749 idcicro

95 3761 121 3810 ιι
138 3753 199 3806 Viro
221 3754 297 3806 docto
316 3756 342 3806 in
362 3754 430 3807 lliar.
451 3757 488 3808 ιιι.
510 3757 611 3811 lenens.
634 3761 705 3812 tstt.
726 3760 766 3810 ιιι.
792 3760 846 3812 124.
874 3773 899 3825 p.
917 3760 950 3812 43
967 3773 1006 3825 sq.
1027 3759 1072 3821 (ab
1092 3760 1183 3814 laonio
1201 3765 1247 3814 iarn

93 3822 178 3885 laud.)
197 3822 343 3889 displicuit,
370 3823 405 3873 ita
427 3837 476 3877 nec
493 3823 554 3874 ιιιιιι
576 3831 662 3892 potest
680 3826 839 3879 satisfacere.
860 3852 890 3862 -
924 3826 983 3879 236.
1001 3825 1166 3888 „Coniuncta
1187 3830 1248 3882 haec

94 3904 152 3943 curn
172 3903 201 3940 su
221 3888 365 3952 erioribus;
389 3902 445 3941 nam
463 3889 522 3941 dum
543 3894 592 3944 mel
611 3893 778 3956 exscinditur,
796 3895 848 3944 irus
866 3893 953 3960 apium
972 3894 1083 3947 maximo
1105 3900 1245 3962 experiare·

93 3957 172 4012 Varro
192 3904 242 4019 tlt,
271 3955 317 4020 16,
335 3958 358 4010 ι.
384 3970 467 4023 raeque
484 3958 595 4024 ipnaou,
620 3961 649 4010 nt
665 3974 731 4023 oon,
752 3961 795 4026 qui
811 3961 868 4011 eius
886 3972 951 4025 optut
967 3963 1078 4012 comedar
1095 3963 1246 4015 disturbare.

94 4023 226 4079 recisioi.“
243 4019 274 4073 tt.
292 4049 326 4057 -
344 4036 488 4095 morsus
501 4039 546 4091 pro
566 4026 716 4078 aculeorum
734 4028 836 4079 ictibus.
848 4054 880 4065 -
900 4026 959 4081 237.
978 4028 1120 4092 spicato
1140 4045 1245 4085 caeru.

93 4093 119 4146 lt.
143 4107 165 4147 a.
187 4089 298 4150 occulta,
327 4101 410 4154 quae,
433 4096 523 4156 utpote
545 4091 649 4159 brevia,
676 4092 753 4147 iacila
776 4098 885 4159 possunt
909 4094 1000 4148 latere.
1038 4093 1078 4145 Ci.
1098 4096 1195 4151 aduott.
1216 4096 1245 4148 ad

95 4157 241 4216 (tectae.
255 4155 321 4209 etat.
343 4183 375 4192 -
394 4157 450 4211 238.
469 4155 624 4223 Adsimoe
641 4162 721 4211 oeni
728 4175 742 4212 ι
761 4162 834 4224 (cuti,
856 4162 971 4226 corpori)
990 4163 1057 4218 eius,
1078 4167 1123 4229 qui
1144 4179 1189 4219 pas
1207 4166 1245 4214 tn.

93 4234 195 4285 cestat„
212 4222 370 4277 diversatus
386 4223 488 4276 videtur
506 4225 604 4278 Plurimi
624 4227 738 4280 Lucretii
758 4228 829 4279 lucus
847 4226 874 4288 V,
897 4228 969 4282 1321.
989 4229 1126 4283 Marcidus
1144 4234 1180 4285 ud
1196 4243 1246 4283 coe

90 4295 198 4358 ouddis,
224 4292 326 4358 utrique
351 4295 436 4343 autem
460 4291 554 4356 politae
578 4292 653 4345 Hom.
678 4294 706 4345 il.
725 4294 816 4359 xxiii,
843 4294 905 4357 212.
930 4294 978 4343 τοῦ
1001 4294 1057 4361 ἐγώ
1074 4301 1164 4363 μέσον
1181 4315 1245 4363 quiq

90 4368 182 4434 ἔχοιμι
197 4362 368 4425 'Bullinorum
394 4359 595 4427 ιιροςφῦσα.
632 4362 696 4415 lttde
716 4364 794 4417 eliam
813 4366 898 4428 patet,
924 4361 1088 4419 reiicteudas
1107 4380 1170 4423 esse
1185 4366 1245 4419 teli·
