2676 4950
89 366 94 374 .
138 306 208 375 llil
547 312 577 375 P.
600 312 743 374 vincturi
765 314 925 377 MARONlS

140 480 177 541 ΙΙΙ
197 495 247 539 ros
270 482 298 538 in
321 480 421 539 tenera
441 473 543 554 peco'ri
562 481 739 554 gratissimus
761 479 859 541 herba.

140 561 219 637 lude,
241 562 291 621 ubi
314 565 412 638 quarta
434 565 512 621 sitin
532 561 606 621 coeli
629 562 777 637 collegerit
798 564 878 639 bora,

140 646 178 705 ut
197 651 282 705 cautu
304 645 438 720 querulae
459 647 593 721 rumpent
612 644 728 704 arbusta
749 646 878 721 cicadae,

139 729 185 789 nu
207 732 309 805 puteos
330 732 379 787 aut
399 727 456 786 alta
476 740 579 803 greges
600 726 636 787 ad
657 733 756 802 stagna
777 729 876 788 iubeto

140 812 306 872 Currentem
328 810 424 885 ilignis
445 814 546 885 potare
568 810 713 868 canalibus
733 810 853 884 undam;

139 895 275 954 Aestibus
297 896 326 952 at
347 892 449 951 mediis
469 892 630 950 umbrosam
649 897 803 969 exquirere
824 894 936 969 vallem,

140 977 238 1035 Sicubi
261 992 361 1050 magua
382 975 458 1034 loris
479 978 597 1051 antiquo
618 975 724 1034 robore
748 992 870 1051 quercus

139 1060 263 1134 lugentis
285 1057 383 1117 tendat
403 1073 507 1131 ramos,
529 1062 578 1117 aut
599 1057 691 1117 sicubi
714 1062 824 1132 nigrum

139 1142 256 1204 ilicibus
276 1140 387 1200 crebris
407 1157 490 1200 sacra
511 1156 609 1198 nemus
631 1141 753 1200 accubet
773 1141 888 1215 umbra3
1086 1192 1092 1198 .

139 1226 210 1285 Tum
231 1227 324 1284 tenuis
346 1222 415 1284 dare
436 1239 534 1282 rursus
554 1211 653 1299 atiuas,
676 1227 705 1284 et
725 1239 848 1300 pascere
869 1239 968 1284 rursus
1242 1218 1294 1285 335

138 1514 195 1583 (vel
213 1515 368 1583 Corpentun
386 1518 415 1592 ut
431 1512 530 1567 Zulich.
550 1528 611 1568 am.
630 1527 692 1569 sao.
709 1515 831 1583 praebet]
848 1516 976 1583 legamus,
993 1529 1048 1569 uon
1065 1529 1136 1603 opus
1154 1520 1204 1573 ost
1224 1515 1294 1571 Pollu

139 1599 169 1640 se
189 1584 337 1651 pastoribus
354 1582 499 1648 adiungens
541 1587 569 1636 ut
586 1595 684 1650 saepe,
709 1596 851 1649 carpemur
875 1583 966 1636 scribit
983 1597 1047 1650 pro:
1073 1582 1149 1650 los,
1176 1590 1293 1652 pastores,

140 1652 269 1718 carpatis,
289 1652 306 1701 i.
326 1664 351 1704 e.
374 1663 482 1716 carpere
504 1621 606 1703 lactatis
625 1662 731 1714 greges.
767 1650 852 1703 uurn.
873 1652 984 1705 cout'erri
1000 1649 1077 1705 iubet
1096 1648 1168 1704 Cort.
1187 1652 1221 1705 acl
1239 1650 1293 1705 Ptin.

138 1718 222 1786 Epist.
243 1717 292 1784 lli,
319 1716 365 1781 13,
390 1720 430 1771 lt.
465 1716 628 1770 Discriminis
654 1729 671 1769 a
694 1716 787 1771 Servio
805 1719 872 1772 inter
889 1731 957 1770 rure
975 1717 1058 1785 (quod
1078 1732 1128 1785 per
1148 1717 1295 1786 aphaeresin

140 1801 173 1841 ex
194 1786 299 1853 ἄρουρα
317 1784 412 1837 lactum
430 1797 491 1838 esse
510 1784 624 1849 censet),
642 1785 659 1835 i.
680 1797 704 1838 e.
723 1786 803 1839 silvas
822 1791 849 1839 et
866 1798 972 1851 pascua,
991 1791 1018 1839 et
1071 1799 1128 1851 ree,
1147 1787 1194 1855 qui
1213 1787 1294 1839 colen-

138 1861 187 1921 tur,
207 1854 338 1905 constituti
356 1853 407 1904 iam
427 1851 459 1903 ad
476 1852 542 1905 Geo.
555 1852 588 1911 ll.
599 1850 656 1906 312.
677 1853 833 1906 mentionem
854 1852 1001 1906 iniecimus.
1023 1799 1069 1904 ὅ.)
1082 1853 1164 1907 etiam
1183 1852 1293 1907 booten.

138 1919 239 1976 Sul.
267 1934 293 1987 p.
313 1922 354 1974 it.
390 1919 429 1972 ile
455 1932 519 1971 rore
542 1917 683 1987 pecoribus
709 1919 848 1973 utilissimo
874 1918 948 1972 Voss.
976 1917 1090 1973 conlerri
1109 1918 1187 1974 iubet
1204 1918 1294 1973 Colum.

137 1937 198 2052 vll,
223 1988 247 2043 3.
282 1985 379 2039 Pellad.
398 1985 461 2050 llll,
488 1987 527 2041 13.
564 1986 648 2053 Geop.
668 1984 763 2051 xviii,
790 1987 814 2041 2.
851 1985 973 2041 Ceterum
991 1985 1016 2038 b.
1037 1986 1052 2038 l.
1072 1985 1294 2041 imitaturSeuec

138 2055 215 2110 llere.
235 2053 281 2106 iur.
300 2054 394 2109 ι,139.
429 2052 524 2106 Pastor
541 2054 627 2122 petico
646 2067 715 2106 cena
728 2052 909 2123 primaGrege
927 2053 1034 2106 dimisso
1047 2052 1152 2119 palute
1172 2053 1296 2121 eorpit-

138 2114 195 2179 eie.
216 2121 288 2175 ldem
307 2134 398 2174 versus
416 2120 511 2186 legitur
527 2122 580 2174 inm
597 2119 653 2172 lici.
669 2120 736 2189 vill,
758 2122 806 2189 15,
824 2121 868 2173 ubi
889 2120 941 2173 vid.
979 2134 1029 2173 uae
1048 2120 1084 2174 rie
1104 2122 1206 2175 ornisso
1222 2119 1294 2175 rerbo

138 2189 299 2245 substantivo
317 2187 438 2241 adnotata
455 2193 523 2241 sunt.
559 2187 674 2241 imitatur
692 2201 751 2241 eum
768 2187 873 2242 Nemes.
894 2134 986 2253 norff,
1003 2189 1030 2241 l.
1047 2187 1074 2242 8.
1093 2215 1128 2223 -
1145 2188 1206 2242 322.
1224 2186 1295 2255 „Pul-

137 2257 223 2311 ladius
241 2256 259 2308 l.
277 2256 294 2306 l.
314 2255 373 2316 §.tl
393 2253 494 2315 (lucrio
511 2256 582 2308 bora
600 2255 748 2308 calescente
762 2258 841 2322 potus
856 2250 1048 2322 peristomium
1066 2256 1117 2306 aot
1130 2255 1206 2322 putei
1219 2267 1294 2323 prce-

138 2324 232 2377 lectur
248 2325 295 2377 out
305 2319 392 2390 fontis.
429 2323 456 2374 ln
471 2322 560 2376 verbis
578 2325 705 2390 quarte
722 2322 813 2375 toro
831 2322 923 2375 coeli
940 2321 1072 2375 allectum
1093 2329 1135 2376 est
1147 2322 1222 2387 eceli,
1240 2322 1295 2389 uult

137 2390 263 2457 temperis
283 2402 428 2442 mensuram
446 2402 461 2440 a
486 2389 550 2441 solis
570 2392 597 2442 in
618 2391 694 2443 coelo
715 2389 827 2443 cleoursu
848 2390 1039 2454 cognoscimus.
1077 2388 1124 2441 Sic
1143 2390 1212 2443 eneti
1225 2402 1294 2443 sren-

138 2472 182 2511 rec
201 2457 266 2510 Geo.
287 2455 313 2520 l,
331 2455 390 2510 335.
415 2455 471 2519 [ubi
495 2456 546 2509 rid.
573 2456 685 2522 adnuit]
706 2462 733 2510 et
754 2457 821 2510 coeli
836 2460 950 2522 tempore
968 2455 1034 2509 Geo.
1054 2454 1104 2518 lv,
1131 2458 1230 2512 100-
1244 2452 1296 2509 eli

137 2525 222 2577 loro
249 2523 438 2588 collegerit
460 2524 566 2591 sitire,
592 2524 637 2576 ubi
666 2530 740 2577 aestu
760 2524 919 2578 succedente
945 2521 1013 2575 iacta
1031 2522 1111 2575 luerit
1128 2522 1294 2577 animantibus

137 2593 204 2645 sitis.
240 2591 299 2642 llor.
319 2589 404 2642 Carra.
425 2589 466 2646 lv.
495 2591 538 2655 12,
563 2592 601 2646 13.
626 2590 770 2645 Admonere
791 2591 858 2642 sitim
875 2594 1005 2657 ternpore,
1029 2587 1125 2657 l'irpilr'.
1146 2619 1181 2627 —
1209 2588 1295 2643 llere

138 2660 263 2727 poerto
281 2663 367 2710 autern
387 2657 461 2710 nobis
483 2657 537 2711 iere
557 2672 632 2710 nona.
655 2658 719 2710 llam
738 2659 765 2711 in
781 2657 859 2710 ltotr'o
876 2657 1021 2726 prindecirn
1038 2655 1118 2710 horas
1139 2656 1220 2713 babet
1240 2657 1293 2709 lon-

137 2727 260 2793 gissimus
286 2724 344 2778 dies
369 2725 512 2778 secundum
536 2725 599 2777 Plio.
619 2724 659 2791 ΙΙ,
686 2727 734 2792 75,
762 2729 803 2779 i't.
823 2756 857 2764 —
884 2725 940 2780 328.
962 2724 1077 2777 Praeirit
1095 2723 1207 2778 llesiod.
1222 2725 1294 2789 Ἐρ.

136 2795 195 2849 582-
213 2793 271 2848 583.
307 2793 378 2844 Scut.
398 2791 475 2845 llere.
493 2792 668 2847 393-395.“
687 2791 717 2844 H.
739 2822 768 2830 -
797 2792 967 2860 querulae
990 2790 1147 2845 cicadae.
1175 2791 1231 2845 Vitl.
1249 2738 1294 2843 at(-

136 2867 199 2914 nott.
220 2861 252 2913 ad
272 2860 337 2914 Geo.
358 2859 454 2924 l‚·378.
474 2888 506 2898 -
524 2861 705 2925 „rumpent
720 2857 917 2926 [personabunt]
937 2857 1100 2924 arbusta,
1118 2858 1248 2912 sollemne
1264 2857 1294 2911 tle

137 2942 230 2993 rnagno
250 2928 363 2980 clamore
382 2934 426 2979 aut
442 2928 560 2992 strepitu.
597 2925 637 2978 ei.
661 2926 692 2978 ad
713 2926 809 2991 ticol,
828 2926 868 2981 49.
903 2925 1010 2993 Proprie
1030 2926 1159 2991 rumpitur
1180 2926 1224 2979 aer
1240 2925 1293 2977 ola-

136 3010 209 3049 more
227 3009 274 3061 per
292 2996 399 3059 silvarn;
430 2999 482 3045 turn
500 2996 557 3060 ipsa
574 2994 649 3045 silua.
677 3021 711 3033 ·—
744 2992 911 3057 Arborio,
939 2992 965 3046 h.
982 2992 999 3045 l.
1019 2996 1089 3045 rnter
1108 2993 1179 3046 uites
1199 2995 1293 3058 iugatae

136 3063 280 3116 secundum
299 3061 361 3113 Plin.
383 3060 430 3125 iii,
448 3061 490 3125 27,
509 3061 565 3120 32,
590 3062 634 3126 qui
654 3060 759 3113 cicadas
777 3075 826 3113 neo
841 3060 868 3112 in
888 3060 999 3141 campis,
1019 3072 1070 3110 nec
1087 3059 1114 3111 in
1130 3056 1236 3128 frigidis
1253 3058 1295 3110 cet

135 3129 268 3183 umbrosis
285 3129 434 3180 nemoribus·
452 3142 512 3180 esse
527 3128 590 3179 ait.“
609 3126 637 3177 H.
675 3127 712 3179 lta
732 3130 810 3182 etiam
827 3127 900 3180 Voss.
937 3127 1061 3180 ceterum
1082 3125 1116 3180 de
1137 3128 1246 3179 erberto
1262 3123 1292 3177 cl.

137 3196 235 3249 adnott.
255 3196 288 3248 an
308 3196 372 3248 Geo.
392 3194 424 3260 ΙΙ,
445 3195 502 3249 290.
521 3195 579 3249 299.
603 3201 628 3247 et
647 3195 749 3248 Millerl
766 3195 855 3261 Spicil.
875 3193 1024 3246 Animadvv.
1043 3193 1071 3243 in
1091 3191 1187 3246 Catuli.
1213 3208 1237 3262 p.
1257 3192 1293 3246 ll.

136 3263 269 3328 —lunge
291 3263 488 3315 currentem
507 3262 712 3325 bucelleno,
734 3267 761 3314 ut
780 3263 844 3314 lieo.
864 3261 884 3326 Ι,
904 3261 961 3314 132.
982 3260 1048 3312 riuis
1066 3261 1207 3314 currentia
1226 3260 1292 3312 cicc.

137 3328 369 3383 CeterumWalel.
383 3343 435 3403 pro
453 3329 464 3379 ι’
470 3329 571 3380 obelo
589 3329 672 3395 [quod
691 3335 795 3447 grueter
812 3342 903 3382 omnes
915 3325 998 3379 Coun.
1012 3328 1093 3380 etiam
1104 3327 1185 3380 Nonii
1205 3326 1292 3403 ptri.

136 3399 275 3450 auctoritas
294 3402 391 3461 tuetur]
411 3411 426 3450 e
446 3398 512 3450 coni.
532 3396 614 3449 edidit
633 3396 690 3448 irrbe
707 3410 734 3458 e,
754 3402 868 3460 temere,
892 3400 919 3447 ut
934 3400 1005 3448 recte
1025 3400 1117 3448 censet
1136 3394 1227 3460 labn,
1269 3406 1293 3444 m

62 3515 65 3520 .
136 3471 232 3527 monet,
253 3464 387 3529 Virgilium
407 3466 432 3514 in
451 3463 579 3516 eiusmodi
599 3465 748 3528 praeceptis
767 3461 822 3516 lere
840 3476 945 3528 semper
963 3461 1149 3527 imperativum
1167 3407 1293 3527 (eecli,

135 3533 193 3586 409.
214 3531 271 3585 412.
291 3531 347 3584 trs.
370 3529 414 3594 ΙΙΙ,
433 3531 472 3584 65.
494 3532 535 3583 71.
554 3529 594 3583 90.
616 3531 671 3583 llil.
689 3530 749 3584 206.
769 3527 809 3586 lv,
821 3530 861 3584 90.
875 3530 939 3594 eto.)
954 3528 996 3581 vel
1011 3526 1222 3593 Coniunctiruru,
1240 3540 1293 3582 raro

137 3605 223 3652 autem
249 3598 419 3651 ludicativurn
444 3596 532 3648 Puturi
558 3610 619 3649 usur
640 3611 683 3650 are
709 3598 766 3662 (lui
793 3611 817 3649 v.
840 3609 861 3647 c.
893 3596 988 3660 legitur
1015 3608 1096 3662 supra
1123 3609 1148 3648 u.
1170 3595 1241 3661 100.)
1263 3620 1294 3635 -·

135 3665 193 3721 330.
213 3665 343 3732 ilionis,
379 3664 452 3717 Haec
470 3664 599 3716 Adieetivi
618 3613 700 3716 Horma
712 3678 764 3781 Ero
784 3663 864 3716 altera
890 3663 1000 3740 ilipneue
1012 3668 1123 3740 ,praeter
1143 3662 1171 3715 b.
1192 3663 1208 3716 l.
1226 3662 1293 3728 legl-

34 3764 40 3771 -
136 3739 176 3785 tur
195 3733 272 3786 etiarn
299 3731 367 3798 apurl
385 3731 444 3784 ier.
465 3730 512 3782 ilci.
531 3728 573 3786 lV,
593 3730 616 3793 2,
636 3731 677 3784 lb.
735 3730 834 3782 rotulos
851 3730 936 3796 ilionis
956 3728 1066 3794 perlatus
1084 3725 1235 3796 immundos,
1252 3726 1294 3781 ubl

135 3804 222 3852 tamen
241 3799 321 3852 Prisc.
339 3794 377 3863 ll,
396 3799 429 3863 8,
447 3798 487 3851 44.
514 3812 539 3864 p.
557 3797 616 3852 587.
646 3797 673 3849 P.
701 3797 766 3862 legit
792 3798 902 3863 itionem.
937 3795 970 3848 Et-
993 3802 1083 3849 nostro
1112 3810 1221 3865 quoque
1240 3796 1293 3849 loco

137 3864 217 3917 Codri.
230 3866 308 3918 lectio
319 3865 424 3917 lluctuat
440 3868 506 3917 inter
523 3864 615 3931 ilionis,
626 3864 733 3930 litoreis,
744 3864 844 3930 illiceris,
864 3864 980 3931 itligneie,
999 3863 1092 3926 iliceto,
1111 3864 1141 3916 in
1157 3864 1233 3934 lignis
1246 3867 1292 3918 etc.

134 3931 307 3984 Nihilominus
325 3938 435 3998 utroque
455 3933 513 3983 loco
532 3932 602 3997 vulg.
616 3932 694 3984 lectio
706 3945 757 3983 non
768 3931 941 3984 sollicitanda.
954 3959 984 3969 -
1003 3929 1063 3985 332.
1082 3929 1099 3982 1
1103 3933 1183 3984 oots
1201 3943 1293 4001 prter-

136 4014 203 4052 ent.
228 3999 267 4050 ut.
288 3999 384 4052 aunon.
405 4000 436 4052 ad
460 4000 524 4052 lieo.
545 3998 578 4060 ll,
599 3999 638 4052 ill.
662 4026 692 4036 -
723 3999 779 4054 334.
799 4012 933 4063 ,memus
957 3998 1118 4064 accubet,
1146 3999 1246 4064 adstet,
1269 3998 1294 4049 in

135 4065 758 4199 ittitttiiliti‘’ttulittitii
778 4067 886 4185 tisri
910 4065 1294 4187 9922149ιί229ἢῖ

134 4200 284 4256 transfertur
303 4199 335 4251 ed
356 4214 398 4253 res
417 4200 531 4252 umbrant
552 4200 717 4266 praebentes,
738 4197 868 4265 utWegn.
887 4198 973 4252 docet.
989 4172 1093 4255 -'335
1108 4230 1130 4238 —
1145 4203 1204 4258 338.
1217 4176 1290 4269 ‚',Tum

134 4272 187 4335 poti
215 4281 310 4334 greges
333 4268 426 4320 iterum
452 4267 583 4320 educendi
608 4271 634 4320 et
652 4266 775 4332 pascendi
800 4266 937 4332 usquead
963 4279 1052 4320 serum
1071 4281 1222 4336 vesperem.
1255 4262 1288 4319 ct

135 4336 255 4402 Caipurn.
274 4334 308 4400 V,
334 4335 367 4389 60
385 4348 425 4400 sq.
451 4339 477 4387 et
502 4349 581 4398 supra
605 4330 752 4386 larudatos.“
778 4331 809 4385 ΙΙ.
835 4362 868 4374 -
894 4336 1054 4387 tenuero
1087 4350 1169 4405 aas,
1188 4342 1215 4391 ut
1231 4332 1290 4387 tnta

134 4402 180 4468 ΙΙΙ,
197 4403 256 4458 410.
285 4406 312 4456 et
327 4415 406 4469 supra
423 4401 449 4466 Ι,
469 4401 510 4457 92.
535 4402 626 4454 oenueo
640 4400 759 4467 pluviae,
786 4398 831 4453 ubi
853 4400 907 4454 vid.
927 4399 1024 4454 adnott.
1060 4348 1160 4460 {lilius
1178 4403 1211 4458 ad
1227 4402 1287 4458 Grat
