2676 4950
296 358 302 365 ,
391 272 399 291 ’
463 285 676 347 rnoouuruu
695 286 789 348 nnrr.
812 287 834 347 ι.
864 364 869 369 ,
1196 303 1230 349 rx

60 461 121 512 nos
143 443 303 526 laborare,
324 457 414 506 nemo
436 442 527 507 facile
547 443 717 526 mirabitur,
738 445 790 525 qui
812 450 955 526 quantum
976 445 1056 511 haec
1075 463 1128 511 res
1147 445 1230 511 didi-

63 527 190 592 cultatis
212 526 337 606 habeat,
360 526 460 588 animo
484 543 591 589 secum
605 528 805 607 reputaverit.
847 527 991 591 Promisit
1013 536 1115 593 tamen
1131 547 1230 610 nuper

62 609 154 674 talem
170 624 296 688 qnoque
307 607 424 686 Virgilii
445 607 611 674 editionem
632 608 760 674 doctiss.
775 611 957 692 Wagnerus,
971 609 1009 674 de
1025 629 1095 693 qua,
1113 612 1142 675 si
1160 613 1230 675 ior-

61 709 141 757 mam
157 692 242 753 illam
265 699 295 754 et
317 690 447 768 effigiem
470 691 614 754 editionis
641 693 673 754 in
700 692 876 755 scholarum
898 710 987 755 usum
1011 694 1229 777 conficiendae,

62 791 154 856 qnam
173 775 245 854 ipse
262 773 385 853 egregie
397 772 574 855 descripsit,
588 782 714 838 strenue
729 782 760 837 et
771 775 891 856 melius,
907 792 998 855 quam
1013 777 1044 838 iu
1059 778 1230 858 specimine

62 857 188 939 publice
203 856 377 937 proposito,
391 857 538 936 servabit,
560 857 642 936 quod
657 874 734 922 sane
752 848 958 922 difficillimum
973 875 1098 940 censeo,
1113 861 1230 939 optima

62 954 205 1021 quaeque
228 955 357 1018 sperare
378 938 460 1002 licet.
502 939 620 1003 Nostra
641 939 732 1003 editio
755 956 856 1021 neque
877 957 944 1003 cum
967 957 1013 1021 ea,
1035 958 1137 1022 neque
1160 959 1230 1006 cum

63 1024 164 1088 altera
183 1020 238 1083 illa
260 1020 369 1084 critica
383 1028 413 1083 et
433 1020 594 1101 pristinam
616 1023 867 1102 orthographiam
885 1030 1069 1098 revocatura
1083 1026 1229 1105 certabit,

63 1107 180 1185 quippe
203 1119 296 1183 quam
315 1104 354 1166 iis
376 1103 538 1167 iuvenibus
564 1103 830 1186 destinaverimus,
853 1107 904 1185 qui
924 1106 1028 1184 paullo
1044 1108 1229 1172 maturiores

66 1195 96 1251 et
109 1187 327 1268 provectiores
348 1188 379 1248 in
401 1184 509 1268 literis,
529 1202 630 1266 neque
651 1203 733 1249 nunc
746 1189 875 1268 primum
890 1186 927 1251 ad
944 1189 1231 1268 poetarumleotio-

65 1286 133 1333 nem
155 1268 354 1349 accedentes,
369 1267 507 1349 Virgilio,
530 1270 667 1332 sortasse
682 1270 742 1332 iam
765 1287 803 1332 cu
818 1270 936 1333 scholis
950 1272 1083 1351 publicis
1105 1272 1136 1334 in
1158 1273 1231 1335 uni-

62 1369 190 1415 versum
213 1351 274 1415 sibi
296 1350 439 1434 cognito,
467 1351 813 1436 privatim‘aocnratius
836 1353 968 1431 legendo
993 1371 1119 1434 operam
1142 1371 1230 1419 suam

64 1434 221 1516 addicere,
243 1449 344 1513 neque
364 1434 395 1494 in
418 1450 456 1496 eo
473 1433 720 1514 acquiescentes,
742 1440 776 1497 ut
797 1442 921 1515 poetam
936 1435 1117 1518 intelligant,
1140 1438 1231 1501 etiam

64 1517 144 1580 alias
160 1517 361 1596 quaestiones
375 1512 516 1579 derebus
529 1517 735 1596 grammaticis
745 1524 775 1579 et
788 1517 935 1599 metricis,
954 1517 992 1580 de
1006 1535 1064 1582 usu
1072 1519 1229 1599 loquendi,

64 1599 103 1663 de
124 1600 249 1680 poetico
271 1595 392 1660 dicendi
413 1615 528 1679 genere
552 1615 571 1661 a
591 1597 728 1680 pedestri
748 1599 930 1678 recedente,
955 1599 993 1664 do
1017 1603 1147 1682 ratione,
1170 1618 1231 1681 qua

63 1683 261 1762 posteriores
268 1688 384 1826 gotiae
396 1681 554 1744 Maronem
564 1680 669 1743 imitati
678 1683 748 1762 sint,
762 1682 919 1744 etsimiles
935 1685 1078 1746 eumelus
1092 1683 1228 1747 lectione

65 1765 254 1843 coniungere
290 1764 471 1827 ecreverint.
494 1762 596 1837 Quare
606 1763 655 1826 vel
670 1765 927 1843 praeceptoribus
940 1765 1105 1847 nonnullis,
1117 1767 1228 1845 quibos

63 1863 132 1908 nou
150 1863 261 1926 magna
281 1846 430 1909 librorum
452 1847 543 1926 copia
566 1844 604 1909 ad
630 1863 739 1909 manus
758 1853 822 1928 est,
857 1846 1144 1912 editionem'meam
1165 1865 1230 1911 non

67 1945 200 2008 prorsus
219 1929 369 2009 ingratam
392 1934 423 1991 et
445 1928 581 1991 inutilem
603 1929 736 1991 futuram
757 1944 863 2010 spero,
886 1945 1069 2008 quamquam
1090 1929 1219 2010 plurima

66 2027 149 2090 quae
164 2013 310 2093 continet,
327 2026 390 2074 non
403 2012 569 2090 magistris,
590 2010 646 2073 sed
668 2010 838 2091 discipulis,
859 2027 923 2074 nou
942 2013 1017 2076 viris
1039 2011 1150 2093 doctis,
1173 1980 1230 2076 sed

64 2093 228 2156 iuvenibus
256 2093 295 2160 ad
316 2093 429 2157 literas
452 2094 667 2157 incumbentes
689 2095 807 2174 scripta
834 2101 913 2157 sunt.
956 2094 1063 2175 ltaque
1084 2096 1112 2160 si
1130 2097 1230 2158 inter-

65 2175 137 2238 dum
152 2175 189 2239 de
204 2175 374 2239 tritioribus
388 2192 511 2256 quoque
522 2176 616 2239 rebus
631 2177 772 2256 exposui,
786 2193 866 2256 quae
881 2176 1042 2257 postulare
1061 2195 1229 2258 possumus

65 2265 98 2320 ut
117 2257 352 2322 Academiarum
375 2259 493 2321 civibus
515 2258 564 2321 vel
578 2257 810 2336 Gymnasiorum
834 2259 994 2340 discipulis
1010 2262 1229 2324 maturioribus

64 2340 127 2403 ianr
149 2341 229 2406 salis
251 2347 409 2421 comperta
437 2341 516 2420 sint,
544 2340 575 2403 id
602 2343 702 2405 minus
729 2342 867 2404 fortasse
889 2336 1134 2422 reprehensuros
1157 2360 1230 2406 osse

65 2423 212 2504 arbitror,
234 2424 285 2503 qui
308 2423 387 2486 tales
404 2439 457 2487 res
473 2439 636 2504 numquam
652 2431 909 2487 commemoratas
923 2441 995 2488 esse
1009 2427 1230 2507 reputaverint,

65 2506 127 2568 nisi
152 2506 302 2586 exemplis
323 2523 412 2569 usum
435 2505 567 2585 aliquem
589 2504 710 2568 dicendi
731 2506 1006 2586 comprobantibus
1021 2507 1072 2570 vel
1093 2508 1229 2572 virorum

65 2586 240 2668 doctorum,
262 2589 314 2668 qui
338 2590 512 2651 accuratius
528 2587 565 2650 de
586 2588 624 2650 iis
638 2587 843 2670 disputarunt,
867 2591 1103 2654 auctoritatibus
1126 2607 1230 2670 appo-

66 2671 146 2752 sitis,
163 2678 197 2734 ut
213 2671 303 2733 etiam
320 2671 357 2733 de
371 2672 409 2733 iis
426 2671 570 2734 subtilius
587 2669 743 2750 cogitandi
758 2677 789 2734 et
804 2671 897 2734 altius
914 2672 1085 2752 inquirendi
1101 2673 1228 2736 occasio

65 2753 280 2832 praeberetur.
305 2753 429 2817 scholis
442 2770 515 2815 vero
528 2752 660 2832 puhlicis
675 2753 749 2815 nihil
764 2753 803 2816 ab
815 2753 873 2816 hac
889 2754 1024 2818 editione
1035 2755 1229 2818 metuendum

67 2852 157 2917 ossa,
181 2836 234 2915 qui
253 2835 304 2899 vel
326 2837 425 2899 obiter
448 2852 514 2898 eam
535 2835 715 2916 inspexerit,
737 2835 821 2898 nullo
841 2838 967 2917 negotio
980 2834 1143 2917 intelliget3
1167 2845 1229 2901 tam

65 2917 188 2998 amplus
217 2924 266 2980 cst
292 2919 371 2981 enim
402 2918 640 2982 commentarius
671 2919 856 2998 omninoque
875 2919 919 2981 ita
949 2928 1164 3000 comparatus,
1196 2926 1230 2983 nt

65 2999 230 3080 discipulis
258 3000 288 3063 in
317 3001 396 3080 ipsis
426 2999 543 3063 scholis
572 2998 609 3063 ad
640 3006 781 3080 prompte
814 3000 1063 3078 respondendum
1092 3003 1228 3067 evocatis

65 3081 184 3143 nnllam
197 3083 262 3145 lere
277 3083 436 3145 utilitatem
450 3083 557 3145 ailerre
571 3084 692 3161 possit;
708 3098 768 3160 quo
785 3081 811 3144 si
828 3083 878 3160 qui
889 3081 968 3144 domi
985 3082 1024 3145 de
1039 3082 1109 3145 loco
1123 3083 1227 3164 aliquo

67 3179 144 3226 mon
171 3162 292 3243 publice
313 3163 534 3261 pertractando
565 3163 748 3228 meditantes
770 3164 814 3226 uti
837 3163 944 3245 velint,
970 3163 1137 3230 incultum
1160 3167 1229 3233 iore

65 3245 247 3326 magistrum
269 3263 322 3333 qur
342 3246 549 3327 reprehendat
569 3247 619 3312 vel
641 3244 830 3329 dissuadeat,
851 3247 1024 3311 certissime
1047 3248 1177 3311 conlido.

33 3400 36 3411 ,
149 3328 203 3394 Sic
216 3328 308 3408 igitur
321 3328 400 3392 hanc
408 3329 526 3409 Virgilii
540 3327 712 3410 editionem,
724 3329 757 3390 in
768 3347 829 3410 qua
845 3346 934 3409 quam
949 3331 1044 3394 multa
1058 3330 1229 3395 desiderari

66 3416 98 3476 ct
111 3410 296 3495 reprehendi
310 3413 443 3493 possint,
455 3413 631 3492 neutiquam
649 3429 697 3476 me
710 3412 799 3495 fugit,
810 3412 1007 3476 nihilominus
1022 3415 1127 3476 emitto
1147 3416 1238 3478 bona

66 3509 136 3557 cum
158 3496 236 3576 spe,
262 3494 328 3559 lore
350 3501 384 3558 ut
405 3494 495 3573 aequi
516 3495 632 3573 pariter
653 3502 744 3574 atque
771 3495 978 3575 intelligentes
1000 3496 1105 3559 harum
1127 3514 1228 3560 rerum

66 3575 191 3657 arbitri,
220 3575 330 3659 quales
353 3575 425 3641 mihi
453 3577 513 3639 ianr
536 3577 705 3656 contigisse
734 3582 765 3640 et
785 3577 886 3640 lactor
907 3579 1176 3642 vehementissime
1198 3587 1228 3643 et

64 3658 247 3739 gratissimo
268 3658 370 3722 aniino
395 3675 550 3741 agnosco,
575 3664 720 3740 exparte
743 3659 853 3723 saltem
876 3659 923 3742 id,
957 3661 1040 3741 quod
1068 3670 1228 3741 praestaro

65 3740 228 3821 voluerim,
251 3757 302 3804 me
320 3758 393 3805 vero
412 3747 614 3806 consecutum
632 3757 704 3804 asse
727 3742 952 3823 iuvenibusque
973 3743 1130 3807 literarum
1155 3753 1228 3811 stu-

65 3822 168 3891 diosis
189 3823 309 3906 librom,
325 3841 386 3904 qno
408 3839 476 3889 cum
492 3824 593 3888 truotu
607 3825 647 3886 uti
661 3830 802 3906 possent,
816 3823 980 3892 tradidisse
993 3833 1149 3895 censeant.

108 3985 113 3989 -
152 3937 220 4007 scr.
240 3938 365 4022 Lipsiae
387 3945 506 4005 aestate
528 3937 845 4006 asltncucxxrdx.
964 3960 965 3965 ¹
